1932 3121
967 261 987 294 6

291 362 480 404 omnium,
515 362 618 396 nihil
644 362 707 396 hic
735 363 1023 397 munitissimus
1044 363 1215 397 habendi
1235 367 1394 400 senatus
1416 365 1533 408 lectas,
1558 364 1662 400 nihil

290 415 431 450 horum
471 425 542 450 ora
580 415 786 460 vultusque
819 417 1049 451 moverunt?
1082 418 1128 451 Et
1156 419 1192 451 in
1224 419 1337 453 isdem
1354 409 1537 453 ¹desinunt
1569 418 1655 463 (cic.

291 471 364 504 Mil.
405 470 427 514 ἕ
463 470 540 513 59):
578 470 707 512 „Quis
742 481 806 505 eos
834 471 1081 514 postulavit?
1111 472 1279 523 Appius.
1323 473 1420 515 Quis
1447 473 1661 516 produxit?

291 523 487 567 Appius.¹¹
532 524 757 566 Quamquam
793 525 859 558 hoc
893 526 1093 568 exemplum
1129 527 1175 559 ad
1209 527 1306 560 aliud
1340 537 1484 570 quoque
1517 528 1659 562 schema

291 579 453 621 pertinet,
481 581 583 612 cuius
607 583 648 612 et·
664 580 763 612 initia
787 581 880 613 inter
903 590 942 613 se
964 582 999 613 et
1022 590 1152 614 rursus
1175 581 1267 615 inter
1288 591 1327 615 se
1342 582 1434 616 fines
1449 583 1656 626 idem,sunt,

293 633 382 677 quis
413 634 449 667 et
480 632 579 677 quis,
613 633 767 677 Appius
798 635 834 668 et
864 633 1027 678 Appius.
1062 635 1175 674 Quale
1204 638 1259 669 est
1284 635 1356 679 (ad.
1392 637 1479 670 Her.
1513 638 1555 679 4,·
1584 637 1659 680 14):

297 687 375 729 Qui
404 689 504 729 sunt,
531 687 602 732 qui
623 688 781 722 foedera
802 698 916 732 saepe
937 689 1156 732 ruperunt?
1189 689 1546 734 Karthayinienses.
1585 691 1662 733 Qui

292 743 394 784 sunt,
422 741 492 786 qui
511 742 774 777 crudelissime
790 743 931 777 bellum
946 743 1172 791 yesserunt?
1195 743 1551 788 Karthayinienses.
1583 745 1660 787 Qui

291 798 394 839 sunt,
429 796 502 840 qui
532 796 692 831 Italiam
724 797 1020 832 deformarunt?
1050 798 1406 842 Karthaginienses.
1449 799 1527 841 Qui
1554 801 1657 842 sunt,

294 842 365 895 qu'i
387 851 464 885 sibi
485 850 636 895 iynosci
654 851 889 894 postulant?
913 851 1299 896 Karthayinienses.’'

337 922 369 954 2.
420 921 547 963 Aquila
572 922 755 955 Romanus
782 921 803 964 ἓ
828 922 871 955 29
897 922 999 965 (Pag.
1027 922 1081 965 31,
1111 923 1151 956 12
1177 923 1316 966 Halm):

338 973 572 1018 ’Παλιλλογίω
607 976 756 1009 iteratio.
803 977 900 1009 Haec
933 977 1062 1019 figura,
1102 978 1261 1019 repetitio
1294 978 1416 1010 eodem
1454 978 1561 1011 verbo
1597 982 1659 1010 aut

293 1030 446 1072 nomine,
482 1040 554 1063 non
589 1031 732 1064 diversa
742 1032 769 1072 l)
810 1032 884 1064 vult
918 1031 1085 1074 intellegi,
1123 1032 1185 1065 sed
1219 1032 1254 1065 id
1290 1032 1385 1074 quod
1421 1032 1656 1075 significatur,

293 1085 435 1118 efficere
459 1085 714 1118 vehementius.
743 1086 854 1134 (puius
878 1086 973 1118 modi
997 1089 1050 1118 est
1074 1087 1156 1119 hoc:
1182 1086 1312 1128 Ferro,
1330 1086 1443 1128 ferro,
1463 1086 1604 1130 inquit,
1626 1088 1661 1120 et

291 1138 365 1172 hoc
395 1137 439 1172 in
471 1138 619 1172 iudicio
652 1138 758 1182 dicit,
795 1140 829 1173 te
858 1139 972 1174 reieci
1002 1141 1120 1184 atque
1136 1140 1348 1184 proterrui.
1383 1141 1542 1183 Repetite
1565 1141 1659 1174 enim

293 1194 360 1226 hoc
394 1193 512 1227 ‘ferro’
544 1194 790 1236 indignitatem
815 1195 865 1227 rei
889 1197 996 1236 atque
1018 1196 1202 1228 audaciam
1227 1196 1305 1228 eius
1327 1196 1364 1228 in
1388 1205 1493 1237 quem
1517 1195 1657 1236 dicitur,

293 1248 493 1289 impensius
525 1248 714 1290 significat.
749 1249 819 1281 Nec
851 1249 965 1281 solum
999 1259 1127 1281 nomen
1159 1251 1221 1282 aut
1253 1249 1415 1291 verbum,
1451 1250 1513 1282 sed
1543 1250 1660 1282 o'mnis

294 1311 379 1343 pars
411 1302 582 1335 orationis
612 1302 733 1335 iterari
764 1303 810 1335 ad
840 1303 992 1335 eundem
1024 1312 1130 1335 usum
1164 1305 1290 1345 potest,
1324 1305 1374 1344 ut,
1401 1313 1482 1336 cum
1513 1303 1658 1336 dicitur:

297 1355 361 1398 Pa,
384 1357 436 1398 tu,
457 1355 617 1398 Antoni,
642 1355 799 1390 Caesari
813 1355 944 1390 ruenti
960 1357 1078 1400 atque
1090 1356 1225 1391 omnia
1234 1356 1464 1400 permiscere
1476 1356 1657 1400 cupienti,

294 1420 454 1444 causam
478 1410 568 1444 belli
591 1409 716 1444 civilis
740 1410 893 1453 dedisti.

340 1464 362 1508 §
388 1465 442 1498 30.
492 1466 607 1507 Atque
619 1466 686 1498 hae
697 1466 790 1498 duae
802 1465 951 1507 figurae,
968 1465 1131 1507 superior
1139 1465 1168 1508 2)
1182 1468 1216 1498 et
1228 1467 1296 1499 ista
1308 1466 1397 1507 ipsa,
1414 1466 1458 1498 de
1470 1475 1541 1507 qua
1555 1466 1661 1498 locuti

293 1512 433 1559 sumus,
461 1529 533 1553 non
557 1520 602 1552 ad
619 1520 843 1552 formandam
862 1520 975 1562 magis
991 1523 1025 1553 et
1041 1516 1284 1553 exornandam
1300 1521 1507 1562 orationem,
1527 1522 1567 1553 ut
1582 1520 1662 1553 illae

295 1575 509 1616 superiores,
537 1575 598 1607 sed
630 1575 674 1606 ad
699 1574 960 1607 accendendam
984 1584 1143 1616 pugnam
1167 1574 1306 1607 dicendi
1330 1572 1459 1616 valent,
1487 1574 1579 1620 sicut
1604 1575 1659 1607 vel

295 1629 410 1671 magis
435 1629 624 1670 pleraeque
647 1638 769 1670 earum
794 1638 887 1670 quae
910 1631 1184 1670 consequentur.
1213 1629 1370 1671 Ideoque
1385 1630 1419 1661 et
1434 1629 1611 1661 Aristoteli
1627 1632 1661 1661 et

294 1684 433 1717 iteratio
456 1683 534 1726 ipsa
559 1683 750 1716 verborum
775 1693 816 1716 ac
833 1683 1018 1716 nominum
1035 1685 1068 1716 et
1085 1684 1244 1725 repetitio
1259 1683 1479 1725 frequentior
1494 1685 1528 1716 et
1543 1684 1660 1716 omnis
1701 1684 1705 1688 '

294 1737 500 1770 huiusmodi
537 1739 654 1769 motus
686 1738 814 1769 actioni
845 1738 960 1779 magis
992 1740 1026 1769 et
1056 1738 1239 1770 certamini
1270 1747 1377 1779 quam
1410 1737 1490 1770 stilo
1523 1737 1662 1784 videtur
1714 1759 1743 1779 ,-

294 1791 501 1825 convenire:
526 1800 597 1833 qua
621 1791 666 1824 de
689 1801 728 1824 re
750 1791 786 1824 in
811 1791 914 1824 tertio
931 1791 1186 1825 rhetoricorum
1203 1791 1295 1825 libro
1311 1791 1453 1825 disserit
1461 1791 1504 1835 3).
1531 1791 1661 1825 Verum

296 1848 398 1880 docet
422 1857 488 1880 nos
512 1849 546 1879 et
564 1847 818 1880 Demosthenes
834 1850 868 1879 et
885 1847 1007 1880 Cicero
1023 1856 1100 1879 eam
1117 1847 1247 1888 optime
1265 1847 1460 1880 orationem
1476 1856 1556 1880 esse
1571 1856 1663 1880 com-

295 1901 459 1943 positam,
479 1910 572 1942 quae
594 1910 674 1933 cum
700 1900 758 1933 illa
774 1902 983 1933 ornamenta
1000 1901 1140 1942 parium
1158 1902 1192 1933 et
1208 1900 1470 1933 contrariorum
1486 1901 1520 1933 et
1536 1900 1662 1933 immu-

294 1958 449 1989 tatorum
463 1955 655 1988 verborum
668 1956 808 1997 habeat,
823 1965 867 1988 ex
880 1955 1012 1996 quibus
1024 1957 1058 1994 et
1069 1955 1158 1997 ipsis
1170 1957 1288 1990 tamen
1302 1964 1408 1996 saepe
1420 1964 1491 1988 non
1504 1955 1666 1988 ornatiorv

294 2019 403 2052 quam
422 2010 662 2042 vehementior
677 2009 718 2041 fit
734 2009 858 2050 oratio,
879 2009 910 2041 si
925 2009 961 2041 in
979 2011 1137 2050 tempore
1152 2010 1185 2041 et
1201 2018 1282 2041 cum
1300 2009 1405 2041 modo
1416 2010 1661 2050 assumantur,

294 2066 371 2097 tum
403 2064 470 2105 his,
498 2073 590 2105 quae
621 2073 726 2096 verae
750 2063 948 2096 affectionis
972 2063 1123 2104 speciem
1148 2063 1365 2104 praeierunt,
1391 2063 1573 2096 excitetur.
1609 2063 1663 2095 Ita

295 2119 389 2150 enim
414 2118 567 2150 maxime.
590 2118 790 2159 exemplum
814 2118 848 2148 et
872 2117 1060 2158 imaginem
1088 2117 1246 2149 veritatis
1269 2117 1471 2150 continebit.

333 2233 358 2266 l)
398 2234 437 2261 Ut
458 2233 522 2260 vult
540 2229 649 2267 πλοκή,
669 2232 824 2266 copulatio,
846 2230 941 2266 figura
960 2231 990 2258 in
1012 2232 1192 2266 paragrapho
1212 2231 1362 2266 superiore
1382 2233 1516 2258 tractata.

332 2280 359 2313 2)
397 2277 505 2315 πλοκή,
525 2280 680 2314 copulatio.

333 2327 358 2360 3)
399 2328 450 2354 Hic
476 2327 557 2354 locus
583 2326 787 2353 Aristotelicus
813 2326 881 2359 (Ars
908 2326 982 2352 rhet.
1011 2325 1059 2358 111,
1080 2324 1115 2351 12
1135 2324 1212 2360 (pag.
1233 2323 1334 2359 14130,
1353 2324 1403 2358 27)
1424 2332 1528 2360 parum
1549 2327 1665 2351 attento

298 2375 398 2401 lectori
425 2381 524 2401 veram
551 2373 783 2408 genimationem
809 2373 937 2400 indicare
966 2372 1055 2399 videri
1080 2375 1176 2407 potest
1194 2372 1273 2399 inter
1292 2374 1405 2399 ceteras
1423 2370 1526 2399 affines
1547 2369 1665 2406 figuras,

298 2422 482 2455 quamquiam
509 2428 577 2447 mea
602 2420 752 2447 sententia
779 2420 902 2446 minime
922 2422 1045 2453 apparet
1064 2427 1098 2446 ex
1119 2418 1260 2452 exemplis
1278 2418 1318 2445 ibi
1337 2418 1444 2445 allatis.
1471 2417 1544 2444 Mihi
1563 2420 1663 2443 autem

298 2470 400 2493 auctor
426 2470 456 2493 et
483 2470 600 2507 propter
625 2466 754 2493 indolem
778 2466 871 2492 totius
890 2465 945 2492 loci
964 2468 995 2492 et
1014 2465 1051 2492 ob
1069 2465 1161 2499 ipsius
1180 2464 1365 2491 tractationis
1383 2461 1486 2499 τέχνης
1505 2460 1665 2498 ῥητορικῆς

298 2516 438 2540 naturam
452 2513 623 2540 disseruisse
638 2521 696 2539 non
710 2513 746 2540 de
762 2512 917 2539 verborum
932 2512 983 2539 sed
999 2512 1035 2539 de
1049 2511 1265 2539 sententiarum
1280 2510 1391 2546 figuris,
1411 2517 1508 2546 neque
1523 2510 1568 2537 his
1580 2517 1665 2537 voca-

297 2560 375 2587 bulis
401 2568 474 2586 usus
498 2557 638 2589 πολλάκις
665 2557 696 2585 τὸ
722 2556 794 2586 αὐτὸ
820 2557 910 2585 εἰπεῖν
935 2567 1003 2586 cum
1030 2558 1164 2593 exemplo
1189 2555 1274 2587 οὗτός
1299 2555 1376 2584 ἐστιν
1401 2555 1419 2583 ὁ
1436 2555 1551 2591 κλέψας
1570 2554 1665 2590 ὑμῶν,

297 2604 383 2636 οὗτός
411 2603 488 2633 ἔστιν
513 2604 531 2632 ὅ
555 2603 747 2641 ἐξαπατήσας,
776 2603 860 2635 οὗτος
887 2603 904 2631 ὁ
930 2603 962 2631 τὸ
989 2603 1112 2640 ἔσχατον
1134 2602 1297 2639 προδοῦναι
1323 2601 1510 2639 ἐπιχειρήσας
1536 2603 1571 2630 de
1597 2610 1667 2630 vera

298 2653 499 2689 geminatione
518 2653 661 2688 cogitasse
681 2653 805 2680 videtur.
