1932 3121
915 277 958 311 65

298 388 371 422 Nec
404 386 519 428 magis
550 383 665 424 recepi
695 382 792 415 locos
822 381 884 414 ubi
915 389 1025 413 senex
1053 379 1282 411 mulierculae
1313 388 1442 411 nomen
1474 378 1619 411 reticere

253 441 375 476 studet
397 440 442 474 cf.

300 495 416 528 Plaut.
435 493 540 525 Merc.
562 491 638 524 721.
653 491 771 523 Anus.
789 488 903 527 Quoia
916 488 975 521 illa
987 488 1114 521 mulier
1125 486 1264 519 intust?
1285 486 1430 519 SENEX.
1447 487 1620 520 Vidistine

1511 551 1587 574 eam
1600 541 1618 574 22

648 599 764 631 ANUS.
793 596 881 629 Vidi.
911 596 1003 629 SEN.
1029 595 1142 634 Quoia
1166 605 1207 628 ea
1231 595 1288 636 sit,
1315 594 1477 637 rogitas?

1115 650 1231 683 ANUS.
1259 641 1461 682 Resciscam
1485 652 1617 683 tamen.

649 705 747 739 SEX.
773 705 839 738 Vin
863 703 1006 737 dicam?
1030 703 1206 742 Quoiast?
1232 704 1297 737 Illa
1311 703 1425 736 —illa
1441 704 1620 746 edepol—

1274 769 1339 792 vae
1362 759 1459 802 mihi,
1485 778 1530 783 —
1552 762 1617 793 cet.

302 818 425 859 Neque
455 817 490 849 in
523 825 631 848 usum
654 825 773 848 meum
798 814 956 848 converti
979 814 1074 847 locos
1098 814 1229 855 quibus
1254 814 1408 847 nominis
1432 815 1619 852 cuiusdam

257 872 363 905 alicui
385 872 422 903 in
447 871 600 903 mentem
624 879 696 902 non
721 869 829 910 venit,
855 869 890 902 cf
913 868 1026 902 Plaut.
1053 868 1152 900 Trin.
1179 868 1261 901 907:

306 926 453 960 Senex.
476 924 571 963 Quid
590 926 644 958 est
663 924 695 957 ei
714 922 870 957 nomen?
894 923 1067 957 SYcorn.
1086 922 1189 961 Quod
1203 923 1327 964 edepol
1343 923 1478 956 homini
1493 924 1618 965 probo.

307 980 398 1013 SEN.
418 979 532 1012 Lubet
547 978 682 1011 audire.
705 978 796 1011 SYc.
811 978 866 1010 Illi
878 977 1000 1019 edepol
1013 975 1117 1009 -illi
1130 994 1172 1000 -—
1183 977 1233 1009 illi
1245 994 1288 999 —-
1302 986 1367 1010 vae
1379 978 1508 1010 misero
1519 978 1617 1011 mihi.

308 1033 399 1067 SEU.
435 1032 529 1072 Quid
556 1034 610 1066 est
634 1031 781 1075 negoti?
815 1031 904 1066 SYc.
933 1032 1106 1065 Devoravi
1129 1041 1257 1065 nomen
1280 1032 1478 1074 inprudens
1502 1033 1619 1067 modo.

306 1088 505 1131 Disputatio
528 1087 622 1120 euim
646 1088 768 1120 nostra
791 1088 930 1120 tantum
955 1086 1027 1129 agit
1050 1086 1094 1119 de
1117 1086 1235 1119 verbis
1259 1096 1352 1127 quae
1371 1087 1533 1120 homines
1549 1088 1619 1120 iam

258 1142 373 1176 adulti
395 1142 535 1184 integra
559 1143 676 1175 mente
698 1141 919 1184 integrisque
941 1141 1037 1174 vocis
1061 1141 1198 1173 viribus
1221 1141 1419 1182 loquuntur
1431 1141 1473 1183 1).

306 1196 506 1230 Nonnullae
528 1196 783 1238 geminationes
807 1197 983 1228 mutatum
1005 1196 1188 1227 accentum
1204 1197 1238 1227 et
1254 1196 1488 1236 quantitatem
1504 1199 1620 1229 osten-

258 1251 363 1297 dunt,
390 1251 487 1293 quod
514 1250 550 1283 in
575 1250 668 1283 notis
693 1259 832 1292 semper
854 1249 1018 1291 indicavi,
1053 1249 1149 1282 velut
1173 1249 1271 1282 Pers.
1298 1249 1379 1283 591:
1408 1249 1500 1284 Tace
1524 1252 1620 1285 tace‘:

263 1305 368 1338 nimis
391 1306 432 1338 tsi
455 1305 600 1346 quidem
623 1304 739 1337 hercle
761 1304 866 1337 homo
889 1304 1021 1336 stultus
1044 1305 1082 1336 es
1105 1303 1299 1345 pueriliter,
1333 1306 1367 1336 et
1391 1314 1562 1347 persaepe
1583 1306 1620 1339 in

261 1358 381 1393 mein&
406 1354 537 1400 mane,
573 1357 661 1392 te‘ne'
688 1354 777 1392 tene‘
799 1360 863 1392 cet.
899 1358 1150 1391 Lachmannus
1175 1358 1234 1400 (de
1257 1358 1451 1401 Propertio,
1478 1369 1512 1402 p.
1541 1360 1620 1402 111)

225 1456 229 1461 ³
260 1414 423 1457 exempla
447 1414 686 1456 quadraginta
710 1416 843 1456 septem
866 1414 1050 1450 annotavit
1073 1413 1135 1446 ubi
1158 1415 1325 1446 accentus
1349 1415 1520 1456 mutatur,
1554 1415 1622 1448 tria

263 1470 402 1502 tantum
435 1469 497 1501 ubi
521 1468 618 1501 nulla
642 1470 696 1501 est
719 1468 866 1501 mutatio
889 1469 923 1500 et
947 1466 1243 1500 Friedlaenderus
1269 1466 1329 1509 (ad
1353 1467 1515 1502 Iuvenal.
1544 1469 1620 1503 Sat.

261 1522 295 1564 6,
323 1521 403 1565 642)
428 1523 587 1565 exempla
610 1522 776 1556 tredecim
799 1522 861 1555 ubi
881 1523 1047 1555 accentus
1066 1523 1235 1563 mutatur,
1262 1523 1545 1563 quattuordecim
1561 1524 1623 1557 ubi

260 1577 356 1609 idem
379 1579 433 1610 est
444 1577 486 1619 2).

308 1631 587 1672 Nonnumquam
621 1630 879 1663 interiectiones
914 1629 1110 1671 reperimus
1144 1631 1183 1662 ut
1216 1630 1346 1663 tuztaz
1378 1630 1491 1673 (Pers.
1527 1632 1621 1675 264),

264 1684 427 1719 bombat
452 1685 598 1728 (Pseud.
624 1683 703 1727 365)
729 1686 763 1718 et
786 1684 919 1726 passim
944 1684 1074 1726 babae,
1100 1693 1242 1727 papae,
1274 1683 1408 1726 balaae,
1435 1680 1622 1729 kananae,

266 1741 425 1784 altatae,
463 1741 506 1773 at
536 1738 637 1773 enim
661 1758 704 1762 -
728 1738 795 1772 bat
824 1737 925 1772 enim
958 1738 1076 1780 (Epid.
1111 1737 1182 1778 95),
1222 1737 1446 1772 buttubatta
1478 1740 1623 1783 (fragm.

263 1794 390 1827 incert.
423 1793 494 1835 83),
528 1794 564 1826 in
594 1793 728 1835 quibus
759 1802 829 1825 non
859 1792 962 1834 plena
986 1791 1175 1837 geminatio
1198 1793 1262 1833 est,
1296 1792 1359 1825 sed
1381 1795 1529 1827 accentu
1554 1805 1626 1828 non

265 1850 402 1882 mutato
415 1857 526 1881 sonus
540 1849 699 1880 mutatur
711 1846 904 1880 mutatione
917 1846 1091 1879 vocalium
1104 1846 1159 1879 vel
1171 1847 1402 1880 consonantis
1416 1847 1535 1891 (Epid.
1551 1849 1624 1892 95).

264 1903 429 1940 Quarum
471 1903 660 1944 pleraeque
700 1911 720 1934 e
759 1901 882 1943 lingua
916 1901 1050 1934 Graeca
1085 1902 1248 1942 sumptae
1282 1904 1378 1933 sunt.
1420 1901 1562 1937 rustam
1595 1907 1630 1937 et

305 2062 330 2095 1)
353 2094 356 2096 v
368 2061 412 2090 cf.
426 2062 484 2090 Jac.
500 2071 557 2090 van
571 2062 725 2090 Ginueken
735 2061 1025 2097 :Grondbeginselen
1039 2062 1091 2088 der
1104 2061 1348 2096 Psychologische
1361 2062 1631 2100 Taalwetenschap,

268 2109 336 2136 Lier
360 2108 442 2144 1906,
462 2108 476 2143 ἓ
496 2108 551 2137 266
577 2110 614 2136 al.
634 2108 667 2136 9:
693 2107 760 2137 ‘Het
785 2109 810 2136 is
836 2109 903 2135 toch
929 2109 1017 2144 mijns
1038 2108 1150 2135 inziens
1169 2108 1221 2136 het
1239 2111 1341 2143 groote
1360 2109 1559 2138 desideratum
1579 2112 1632 2139 der

267 2157 531 2191 taalwetenschap:
562 2164 631 2183 voor
659 2157 716 2183 alle
741 2157 831 2189 talen,
857 2164 893 2182 en
920 2163 988 2182 voor
1013 2155 1080 2182 elke
1106 2155 1222 2189 periode
1250 2164 1305 2182 van
1331 2156 1381 2182 elk
1407 2156 1468 2183 dier
1495 2158 1575 2185 talen
1601 2162 1631 2185 te

268 2205 366 2230 weten
386 2202 480 2229 welke
500 2202 928 2238 aanvankelijk·afzonderlijke
948 2201 1123 2237 beamingen
1144 2210 1182 2229 en
1202 2203 1359 2239 gevoelens
1378 2206 1423 2230 tot
1436 2211 1492 2231 een
1506 2205 1629 2232 eenheid

267 2249 326 2284 zijn
345 2249 501 2284 geworden
520 2249 550 2276 in
571 2249 623 2277 het
642 2249 812 2284 bewustzijn
832 2257 888 2276 van
908 2249 960 2276 het
977 2250 1138 2276 volwassen
1158 2250 1290 2277 normale
1309 2250 1460 2278 individu'.

305 2295 332 2329 2)
371 2296 433 2324 Van
460 2295 616 2324 Ginneken
643 2297 660 2324 l.
682 2298 700 2324 l.
727 2296 741 2330 ἓ
759 2295 815 2324 292
834 2304 903 2332 sqq:
930 2297 964 2323 de
984 2300 1105 2324 accentu
1127 2304 1218 2331 agens
1238 2297 1314 2324 hane
1333 2299 1532 2326 mutationem
1552 2308 1632 2327 com-

269 2347 416 2371 memorat
440 2345 471 2370 et
496 2341 510 2377 ἓ
536 2341 592 2371 304
617 2344 661 2371 s.f.
688 2344 832 2371 nonnulla
851 2344 984 2378 exempla
1004 2351 1020 2370 e
1039 2351 1174 2370 sermone
1193 2344 1340 2371 cotidiano
1359 2345 1480 2380 linguae
1500 2347 1633 2382 Belgicae

269 2390 364 2424 petita
388 2390 473 2417 affert
500 2390 596 2417 velut:
629 2390 814 2417 Vo'o'rwaarts
832 2404 868 2409 -
887 2390 1088 2417 voorweidrrs!
1119 2390 1241 2417 Vo'o'ruit
1259 2405 1294 2409 —
1314 2392 1451 2418 vooru'it!
1476 2392 1523 2420 Sic
1548 2401 1634 2428 saepe

270 2437 461 2464 mulierculas
487 2438 518 2464 in
545 2437 598 2464 viis
624 2437 716 2472 pisces
742 2438 956 2465 venumdantes
982 2437 1119 2464 audimus
1145 2438 1322 2465 clamantes:
1350 2438 1448 2467 Ζέὸυὶε
1467 2454 1504 2458 -
1523 2440 1635 2468 zeem's!

271 2484 316 2512 vel
338 2485 492 2520 magistros
511 2485 617 2512 raedae
637 2493 741 2520 vapore
755 2488 853 2513 motae
867 2486 998 2512 vectores
1010 2485 1204 2512 admonentes
1219 2485 1274 2512 hoc
1288 2486 1388 2514 modo:
1410 2486 1635 2521 Ho'o'yezand—

271 2531 471 2566 Hooqezdnd!
496 2532 679 2566 Heiliyerle'e'
695 2546 731 2551 —
751 2532 948 2567 He’iliqerlee!
967 2532 1071 2567 ltaque
1091 2539 1149 2558 non
1170 2533 1334 2559 necessario
1354 2534 1519 2567 putandum
1540 2537 1585 2560 est
1604 2534 1634 2560 in

267 2578 428 2605 comoediis
447 2579 547 2605 modos
566 2586 667 2606 versus
686 2587 885 2615 numerosque
904 2579 993 2606 huius
1012 2578 1187 2606 mutationis
1205 2586 1326 2607 causam
1347 2580 1447 2613 fuisse,
1466 2580 1515 2607 sed
1530 2580 1588 2608 iam
1604 2581 1634 2608 in

271 2625 333 2659 ipso
369 2633 504 2653 sermone
539 2626 684 2653 cotidiano
718 2627 794 2653 hanc
828 2629 965 2653 accentus
1001 2628 1032 2653 et
1060 2626 1237 2660 quantitatis
1268 2627 1465 2654 mutationem
1494 2628 1633 2654 usitatam

271 2671 371 2698 fuisse.

1500 2720 1518 2748 5
