1932 3121
303 604 400 637 1174.

303 713 400 746 1175.

966 265 1010 306 80

559 367 793 402 Trinummus
819 368 904 402 1174
929 366 1094 411 (aperite
1115 367 1196 410 hoc,
1224 367 1407 412 aperite):

489 443 633 479 Lysiteles
656 444 831 472 adulescens
849 443 1008 472 Lesbonico
1027 444 1131 479 amico,

450 490 499 518 cui
517 490 634 518 veniam
654 498 672 517 a
691 493 774 526 patre
786 490 976 526 impetratam
990 490 1130 518 nuntiare

451 538 581 565 festinat.

451 605 539 638 LYs.
551 592 710 648 A‘perite
725 605 791 638 hoc
806 603 992 648 (manuum),
1009 605 1160 648 aperite
1167 604 1195 648 ι)
1209 615 1360 648 propere
1371 607 1405 639 et
1417 606 1667 648 Lesbonicum,

449 713 562 746 Foras
579 715 720 746 vocate:
739 714 787 746 ita
804 714 959 747 subitost
975 723 1125 756 propere
1141 714 1236 755 quod
1248 723 1330 747 eum
1343 661 1667 748 eonvenstuffedlsgr

300 838 457 880 Leporis
471 850 479 872 :

299 1056 376 1089 679.

298 1110 375 1143 680.

298 1163 375 1198 681.

298 1219 375 1252 682.

297 1273 375 1307 683.

698 916 798 949 Miles
823 916 1008 950 Gloriosus
1033 915 1098 949 683
1124 915 1176 958 (te
1200 915 1267 958 te):

427 989 527 1017 Senex·
541 998 610 1018 cum
630 991 820 1019 adulescente
840 990 980 1026 loquitur.

428 1056 520 1090 SEN.
547 1057 638 1091 Nam
663 1058 748 1090 mihi
771 1058 876 1090 deum
902 1058 1034 1090 virtute
1056 1058 1171 1090 dicam
1196 1059 1340 1099 propter
1363 1057 1505 1090 divitias
1529 1066 1627 1090 meas

425 1111 540 1144 Licuit
563 1120 711 1144 uxorem
735 1111 892 1144 dotatam
916 1120 1046 1154 genere
1069 1120 1210 1144 summo
1233 1111 1379 1145 dueere:

427 1164 497 1199 Sed
522 1166 604 1199 nolo
627 1166 713 1199 mihi
736 1165 999 1199 oblatratrieem
1022 1167 1059 1198 in
1083 1165 1181 1199 aedis
1205 1166 1300 1199 intro
1323 1161 1472 1199 n'iittere.

424 1220 545 1253 ADUL.
571 1220 648 1258 Qur
672 1230 743 1253 non
768 1219 852 1253 vis?
876 1221 967 1253 Nam
990 1219 1178 1262 procreare
1196 1220 1327 1253 liberos
1346 1219 1539 1262 lepidumst
1556 1228 1662 1261 opus.

427 1274 518 1307 San.
546 1275 675 1308 Hercle
698 1283 783 1307 vero
806 1274 958 1307 liberum
981 1283 1061 1307 esse
1085 1274 1166 1315 tete,
1193 1274 1229 1307 id
1253 1274 1365 1307 multo
1387 1273 1566 1315 lepidiust.

594 1347 638 1381 (Si
657 1356 724 1375 cum
745 1348 852 1383 Leone,
871 1347 990 1376 Goetzio
1009 1351 1041 1375 et
1059 1347 1216 1383 Sehoellio,
1233 1350 1353 1375 auctore
1370 1347 1405 1382 A,
1420 1354 1539 1375 versum
1552 1346 1608 1374 683
1621 1347 1667 1374 ita

557 1396 654 1430 legere
674 1395 752 1430 licet,
771 1395 880 1431 quippe
899 1395 929 1423 in
950 1395 1012 1423 loco
1034 1394 1117 1427 valde
1135 1397 1282 1430 corrupto,
1301 1394 1463 1429 geminatio
1482 1396 1562 1421 tete
1581 1401 1664 1420 com-

558 1442 619 1476 plet
637 1442 734 1469 iocum
754 1442 784 1468 in
805 1442 900 1469 verbis
919 1441 1043 1469 ‘liberos'
1063 1445 1095 1468 et
1113 1441 1259 1468 ‘liberum'
1278 1440 1392 1474 situm)

295 1559 601 1601 Magnificentiae
626 1564 665 1594 et
687 1560 909 1602 gravitatis:

292 1869 369 1902 243.

291 1923 368 1955 244.

291 1976 368 2010 245.

291 2269 366 2303 700.

290 2377 365 2411 701.

291 2432 366 2465 702.

289 2540 363 2594 ⁷⁰3:

492 1635 692 1668 Pseudolus
715 1635 781 1668 243
807 1634 938 1678 (hodie
960 1636 1061 1677 nate,
1087 1635 1180 1669 heus
1202 1634 1318 1668 hodie
1340 1633 1464 1676 nate):

458 1710 566 1738 Servus
584 1718 652 1737 eum
667 1710 783 1745 lenone,
796 1719 885 1746 quem
900 1711 1121 1739 circumducere

420 1757 509 1791 cupit,
535 1757 648 1792 quique
673 1757 751 1783 diem
772 1758 833 1791 agit
853 1758 993 1789 natalem,
1012 1758 1121 1784 ironice

420 1803 562 1838 loquitur.

419 1868 551 1902 Hodie
565 1870 666 1910 nate,
686 1868 789 1914 heus,
808 1868 924 1903 hodie
938 1870 1046 1903 nate:
1062 1869 1127 1902 tibi
1142 1879 1210 1911 ego
1224 1869 1320 1902 dieo:
1336 1869 1426 1901 heus
1442 1867 1547 1900 hodie
1562 1869 1657 1908 nate,

418 1923 507 1956 Redi
530 1925 565 1955 et
588 1924 724 1964 respice
741 1923 792 1956 ad
816 1932 895 1956 nos.
921 1923 1077 1956 Tametsi
1100 1921 1321 1963 occupatu's,

418 1977 612 2011 Moramur.
641 1977 762 2010 Mane:
786 1986 842 2010 em
865 1977 1030 2019 conloqui
1054 1977 1117 2018 qui
1142 1976 1267 2010 volunt
1290 1978 1335 2009 te.

670 2081 870 2115 Pseudolus
895 2081 959 2114 702
986 2080 1044 2123 (Io
1068 2080 1124 2122 Io,
1152 2081 1187 2114 te
1211 2079 1278 2122 te):

457 2156 618 2183 Pseudolus
643 2165 747 2183 servus
771 2149 1050 2184 cum'sdulescente
1069 2165 1119 2183 ero

417 2211 470 2230 suo
490 2203 599 2230 ironice
619 2203 761 2238 loquitur.

415 2270 535 2302 ADUL.
566 2268 615 2311 (aaz
631 2268 780 2311 amicum).
820 2294 827 2301 .
857 2294 865 2302 .
894 2295 902 2302 .
930 2294 938 2302 .
967 2294 975 2302 .
1006 2295 1013 2302 .
1040 2270 1231 2302 Nimiumst
1255 2270 1413 2303 mortalis
1436 2269 1655 2312 graphicus:

1350 2322 1493 2367 εὑρετής
1515 2323 1655 2356 mihist:
1719 2332 1721 2335 ·

415 2378 453 2411 Is
477 2378 565 2411 mihi
588 2378 676 2411 haec
700 2387 778 2411 sese
800 2378 1017 2431 ecfecturuni
1042 2378 1130 2412 dixit
1153 2388 1245 2420 quae
1267 2379 1341 2412 dixi
1364 2379 1440 2412 tibi.

417 2433 561 2466 PSEUD.
596 2432 799 2474 Magnuiice
829 2433 1007 2466 hominem
1040 2433 1267 2475 compellabo.
1301 2434 1420 2467 ADUL.
1447 2433 1561 2472 Quoia
1586 2443 1656 2465 vox

1310 2487 1481 2522 resonat?
1506 2488 1567 2521 Ps.
1595 2486 1651 2530 Io,

413 2540 457 2574 Io
470 2539 512 2582 1),
541 2541 576 2574 te
600 2542 635 2575 te
657 2543 823 2584 turanne,
850 2544 884 2574 te
908 2552 995 2584 rogo
1019 2543 1081 2584 qui
1104 2544 1286 2585 imperitas
1311 2543 1498 2575 Pseudolo.

323 2658 349 2692 1)
387 2662 511 2687 accentu
532 2664 647 2688 mutato
666 2664 698 2688 et
716 2662 893 2696 quantitate.
