1932 3121
316 368 395 401 428.

316 422 394 478 429.

314 2008 390 2041 596.
416 1997 418 1999 ’

314 2117 390 2150 597.

313 2226 390 2259 598.

313 2335 390 2369 599.

313 2389 389 2422 600.

313 2443 389 2477 601.

313 2551 389 2585 606.

981 266 1075 317 ιε,

443 367 724 411 ADUL.·E'90ne,
741 368 859 412 e'yone
871 368 914 412 l),
930 369 962 402 si
973 369 1067 402 istuc
1077 368 1192 419 lepide
1202 368 1334 402 ecfexis
1342 386 1386 393 —-
1400 368 1519 403 Smw.
1534 356 1553 402 Ῐ
1564 369 1683 403 modo.

443 422 562 456 ADvL.
590 422 636 456 Ut
659 432 732 456 non
756 432 826 465 ego
845 424 881 456 te
903 423 1008 457 hodie
1031 441 1075 446 —
1100 422 1219 457 SERv.
1245 422 1312 456 Abi
1335 423 1452 457 modo.

1216 477 1338 511 Λυσι.
1363 478 1521 512 emittam
1544 476 1685 512 manu?

615 545 687 581 (Hoc
721 546 784 574 loco
818 547 1008 583 significatio,
1030 547 1254 575 asseverationis
1279 548 1424 582 gravitate
1454 549 1546 576 mixta
1573 547 1688 580 redolet

576 601 673 621 sacras
691 594 844 630 formulas,
863 598 899 622 ut
916 594 981 623 Cas.
1000 594 1065 630 834,
1083 603 1147 631 pag.
1167 593 1225 628 47.)

775 690 974 724 Pseudolus
997 690 1063 724 268
1088 690 1225 733 (πέπιθε

481 758 589 786 Servus
614 762 645 786 et
670 759 844 787 adulescens
863 768 932 788 cum
952 760 1083 787 Ballione
1102 759 1145 787 le-

451 814 529 833 none
548 806 722 842 loquuntur.

386 891 394 898 .
446 866 565 899 SERv.
593 867 680 899 Redi
703 869 738 900 et
761 868 898 909 respice
921 868 966 900 ad
990 877 1068 900 nos.
1095 867 1250 900 Tam‘etsi
1273 866 1484 909 occupatu’s

385 945 392 953 .
443 921 636 955 Mor-amur.
664 922 732 955 Em
756 922 922 965 conloqui
945 922 1007 964 qui
1032 922 1156 956 volunt
1178 924 1223 955 te.

444 1000 1522 1011 ooooooooooooooooooo

444 1055 928 1065 .........
980 1032 1100 1064 Leno.
1127 1031 1289 1073 Iuppiter
1311 1033 1346 1064 te

385 1109 392 1117 .
444 1085 583 1128 Perdat,
610 1086 790 1128 quisquis
801 1096 840 1119 es
860 1109 1340 1119 .........

443 1163 869 1173 ........
922 1140 1040 1173 SERv.
1067 1140 1145 1172 Non
1169 1140 1248 1172 licet
1271 1139 1437 1180 conloqui
1460 1138 1522 1172 te?

385 1218 393 1225 .
443 1175 960 1228 Lano.Atmi11i'110n1ubet
981 1218 1286 1227 ......
1306 1218 1344 1227 ..
1397 1219 1405 1226 .
1455 1218 1462 1226 .
1514 1218 1525 1238 ,Α

443 1263 1520 1281 ....................

419 1326 428 1334 .
445 1300 565 1334 SERv.
583 1302 717 1335 Manta.
734 1302 857 1335 LENO.
873 1302 1013 1336 Omitte.
1029 1302 1147 1335 Λυσι.
1164 1301 1277 1334 Ballio
1288 1301 1384 1334 audi.
1401 1301 1521 1334 LENO.
1540 1300 1686 1335 Surdus

1111 1366 1192 1389 sum
1215 1354 1397 1398 †profeoto
1420 1355 1679 1398 inanilogis'tae.

445 1464 566 1497 SERV.
588 1465 692 1497 Potin
713 1467 753 1497 ut
773 1465 881 1497 semel
897 1465 1011 1506 modo,
1036 1465 1159 1506 Ballio,
1182 1465 1254 1497 huc
1268 1474 1351 1497 cum
1366 1465 1467 1497 lucro
1483 1463 1682 1509 respicias?

385 1542 393 1551 .
444 1518 566 1552 LENO.
593 1519 793 1561 Respiciam
815 1518 906 1553 istoc
919 1519 1047 1561 pretio:
1073 1528 1157 1552 nam
1174 1519 1205 1552 si
1221 1518 1431 1560 sacruficem
1447 1528 1589 1552 summo
1605 1518 1685 1551 Iovi

384 1597 392 1605 .
442 1573 558 1614 Atque
580 1573 617 1605 in
641 1573 809 1606 manibus
832 1575 912 1606 exta
935 1575 1137 1607 teneamut
1161 1573 1343 1615 poi-iciam,
1369 1574 1503 1614 interea
1527 1573 1593 1605 loci

384 1650 392 1658 .
445 1625 484 1659 Si
506 1627 597 1660 lucri
621 1627 708 1668 quid
731 1627 846 1669 detur,
873 1627 990 1669 potius
1014 1636 1088 1660 rem
1113 1627 1271 1660 divinam
1295 1627 1469 1660 deseram.

442 1681 521 1714 Non
545 1683 661 1723 potest
684 1682 804 1724 pietati
827 1682 959 1724 opsiste
982 1682 1075 1724 huic,
1102 1682 1193 1715 utut
1215 1691 1273 1715 res
1296 1683 1382 1714 sunt
1404 1682 1549 1714 ceterae.

699 1784 842 1818 Stichus
866 1785 930 1819 608
955 1785 1050 1829 (non
1073 1784 1107 1819 it
1128 1794 1208 1819 non
1231 1783 1297 1827 io:

481 1854 632 1882 Parasitus
640 1837 842 1890 Pampliilippo
850 1855 1031 1883 adulescenti
1038 1856 1143 1883 suadet

443 1909 481 1929 ne
491 1902 561 1929 foris
568 1904 661 1929 cenet.
671 1901 772 1930 Frater
778 1902 973 1930 adulescentis
981 1903 1143 1937 parasitum

442 1948 551 1976 illudit.

441 2009 533 2041 PAR.
569 2008 663 2046 Quid
694 2009 748 2041 ais
779 2008 1049 2051 Pamphilippe?
1081 2009 1201 2042 Λυσι..
1235 2008 1289 2041 Ad
1320 2017 1444 2041 cenam
1472 2007 1590 2040 hercle
1612 2007 1684 2040 alio

1399 2061 1546 2104 promisi
1568 2061 1679 2094 foras.

440 2118 531 2150 PAR.
552 2117 658 2159 Quid,
678 2116 803 2150 foras?
827 2118 945 2151 ADUL.
966 2118 1078 2151 Foras
1094 2117 1211 2151 hercle
1226 2125 1322 2150 vero.
1350 2116 1441 2149 PAR.
1461 2115 1531 2154 Qui
1547 2115 1680 2149 malum

1375 2169 1440 2204 tibi
1463 2169 1561 2203 lasso
1582 2169 1684 2203 lubet

440 2227 542 2260 Foris
573 2225 729 2260 cenare?
760 2227 879 2260 ADUL.
914 2204 1041 2260 Utrum
1072 2228 1113 2259 tu
1135 2224 1296 2259 censes?
1328 2225 1420 2258 PAR.
1447 2224 1562 2258 Iuben
1585 2224 1681 2257 domi

1429 2287 1553 2312 cenam
1576 2278 1681 2320 coqui

439 2335 555 2378 Atque
577 2335 623 2369 ad
646 2335 747 2368 illum
771 2334 996 2369 renuntiari?
1020 2336 1141 2369 Λυσι..
1170 2334 1278 2368 Solus
1300 2333 1435 2368 cenabo
1458 2331 1582 2366 domi?

439 2390 530 2423 PAR.
558 2390 637 2422 Non
661 2389 754 2422 enim
780 2389 895 2422 solus:
919 2399 976 2423 me
998 2391 1135 2423 vocato.
1160 2389 1227 2422 AD.
1255 2389 1298 2421 At
1321 2388 1379 2421 ille
1398 2397 1444 2420 ne
1459 2388 1679 2429 suscenseat,

439 2444 516 2477 Mea
547 2445 610 2486 qui
641 2453 751 2477 eausa
779 2445 962 2485 sumptum
986 2443 1078 2477 fecit.
1106 2444 1198 2476 PAR.
1226 2442 1342 2476 Facile
1363 2440 1527 2475 excusari
1550 2441 1677 2482 potest.

437 2552 516 2585 Non
540 2554 580 2585 tu
604 2552 674 2586 scis
697 2561 807 2594 quam
830 2551 1044 2585 efflictentur
1068 2551 1230 2585 homines
1253 2552 1360 2584 noctu
1384 2550 1441 2583 hic
1463 2549 1500 2582 in
1525 2548 1611 2582 via?

349 2656 375 2691 1)
413 2659 538 2685 accentu
557 2659 683 2684 mutato.
