1932 3121
981 242 1024 276 24

700 345 847 378 Rudene
873 345 959 379 1285
985 343 1124 389 (Gr-ipe
1150 344 1302 389 Gripe):

507 425 671 453 Daemones
697 410 786 463 senex
808 433 877 452 cum
897 424 1040 460 piscatore
1059 423 1148 461 Gripo

468 473 610 508 loquitur,
629 472 682 508 qui
700 472 764 500 seni
782 471 890 500 suadet
907 474 943 499 ut
961 471 1097 500 vidulum
1116 472 1148 499 in

469 519 561 559 litore>
573 520 730 563 inventum
749 519 804 547 sibi
825 518 942 546 habeat.

321 591 418 624 1234.
469 591 678 624 PlscATOR.
709 590 784 624 Isto
807 592 846 623 tu
871 599 1008 633 pauper
1030 599 1080 632 es,
1108 599 1216 632 quom
1240 590 1347 624 nimis
1371 593 1493 626 sancte
1515 591 1626 635 piu’s.

322 646 418 679 1235.
471 645 618 679 Snnnx.
644 646 674 678 O
702 636 830 687 Chloe,
862 643 991 687 Gripe,
1018 644 1054 677 in
1079 645 1193 677 aetate
1215 644 1400 677 hominum
1423 646 1613 687 plurumae

321 699 418 733 1236.
468 699 576 732 Fiunt
599 701 826 740 traneennae,
853 698 916 731 ubi
939 698 1166 740 decipiuntur
1188 698 1290 731 dolis.

321 753 418 787 1237.
467 754 583 795 Atque
604 753 728 795 edepol
750 753 788 785 in
811 762 873 787 eas
897 753 1107 795 plerumque
1129 762 1210 785 esea
1233 753 1430 794 inponitur.

321 862 417 895 1244.
467 862 592 905 Egone
614 864 654 895 ut
678 862 774 910 quod
798 862 844 895 ad
868 871 924 895 me
947 862 1092 895 allatum
1115 870 1195 895 esse
1216 861 1371 895 alienum
1396 862 1506 896 seiam

322 917 418 950 1245.
468 916 613 950 Celem?
638 917 797 950 Minume
818 917 912 950 istuc
934 917 1037 950 faciet
1060 917 1182 949 noster
1205 916 1414 950 Daemones.

416 1044 649 1077 Trinummus
676 1043 760 1077 1094
787 1043 826 1086 (ο
855 1042 1038 1086 Callicles,
1066 1053 1088 1078 ο
1117 1043 1300 1087 Callicles,
1329 1053 1351 1078 ο
1380 1043 1587 1088 Callicles):

505 1117 601 1146 Senex
621 1126 690 1146 cum
711 1126 781 1146 sene
800 1118 894 1146 amico
911 1118 991 1146 fideli
1004 1118 1145 1154 loquitur,

466 1173 557 1201 quem
577 1164 727 1192 infidelem
748 1168 899 1200 repertum
918 1173 982 1192 esse
1001 1168 1094 1201 putat.

322 1232 417 1266 1094.
470 1231 605 1265 Smmx
631 1230 755 1273 (prior).
788 1230 820 1264 O
848 1229 1029 1273 Callicles,
1056 1240 1080 1264 o
1109 1230 1292 1274 Callicles,
1321 1241 1344 1265 ο
1372 1231 1556 1274 Callicles,

319 1286 417 1319 1095.
467 1285 620 1323 Qualine
642 1285 757 1318 amieo
780 1294 857 1318 mea
882 1285 1125 1318 commendavi
1149 1284 1272 1318 bona?

320 1341 417 1375 1096.
470 1340 606 1374 ΞΕΝΕΧ
632 1338 744 1383 (atter).
780 1339 896 1372 Probo
926 1341 960 1373 et
987 1340 1083 1373 fideli
1114 1342 1148 1373 et
1179 1340 1253 1374 fido
1280 1342 1315 1374 et
1338 1350 1419 1374 eum
1443 1350 1574 1383 magna
1597 1340 1684 1374 fide.

469 1418 1683 1428 ·····················

319 1450 417 1484 1098.
469 1449 604 1483 8ΕΝΕΧ
630 1447 753 1490 (prior).
781 1448 894 1481 Credo
917 1448 1035 1481 omnia
1058 1448 1178 1490 istaec,
1206 1448 1237 1481 si
1259 1449 1344 1481 itast
1367 1451 1407 1481 ut
1431 1449 1626 1491 praedicas.

318 1503 415 1537 1099.
468 1503 538 1536 Sed
561 1503 644 1544 quis
667 1503 768 1534 istest
790 1505 871 1535 tuos
894 1501 1070 1535 ornatus?

316 1650 577 1694 Impatientiae
602 1657 744 1682 morae:

556 1740 727 1781 Epidicus
750 1739 812 1771 631
840 1738 927 1782 (aye
949 1748 1031 1782 aye,
1058 1748 1223 1772 numera
1245 1740 1440 1782 numera):

482 1820 605 1848 Danista
630 1819 812 1846 adulescenti
837 1819 889 1854 qui
916 1819 1069 1854 pecuniam
1089 1827 1141 1854 pro

444 1868 544 1903 puella
562 1874 581 1893 a
600 1874 631 1893 se
651 1868 752 1900 empta
770 1866 901 1892 nondum
920 1866 1015 1893 solvit.

314 1939 391 1973 627.
440 1939 562 1971 ADUL.
590 1937 632 1970 Di
655 1937 881 1978 immortales,
896 1935 925 1978 l)

314 1993 390 2028 628.
440 1992 511 2031 Qui
534 1990 742 2033 perhibetur
764 1991 865 2032 prius
888 1992 1044 2023 venisset
1066 2000 1175 2032 quam
1199 1992 1238 2023 tu
1262 1990 1438 2023 advenisti
1461 1991 1558 2023 mihi.

314 2048 391 2082 629.
441 2048 535 2080 ΒΑΝ.
562 2046 661 2079 Haeo
686 2044 755 2088 (scit.
769 2044 873 2087 pueua)
897 2045 1021 2087 edepol
1044 2047 1221 2078 remorata
1245 2045 1325 2078 med
1347 2047 1412 2078 eet.

1081 2099 1201 2132 ADUL.
1230 2099 1413 2141 Siquidem
1436 2100 1540 2132 istius
1564 2100 1682 2142 gratia

314 2156 389 2190 630.
440 2156 483 2189 Id
507 2153 723 2189 remoratu’s
746 2155 842 2196 quod
864 2155 932 2188 ista
956 2155 1078 2197 voluit,
1106 2155 1255 2187 nimium
1279 2154 1454 2188 advenisti
1478 2147 1556 2188 cito.

314 2211 390 2244 631.
440 2211 533 2243 ΒΑΝ.
561 2208 644 2252 Aye
672 2217 754 2252 aye,
781 2209 925 2242 absolve
947 2211 1055 2250 atque
1077 2210 1268 2251 argentum
1292 2207 1480 2251 †numera
1501 2218 1678 2252 numera,

1311 2273 1356 2297 ne
1378 2264 1523 2297 comites
1547 2274 1676 2298 morer.

314 2319 389 2351 632.
439 2320 558 2352 ADUL.
598 2319 939 2351 Pernu-meratumst.
979 2319 1070 2350 ΒΑΝ.
1106 2318 1201 2351 Tene
1231 2317 1448 2351 cruminam:
1480 2319 1551 2352 huo
1580 2319 1677 2352 inde.

1179 2372 1300 2406 ADUL.
1330 2371 1516 2415 Sapienter
1539 2382 1677 2406 mones.

313 2427 389 2461 633.
439 2427 622 2469 Opperire,
649 2427 736 2459 dum
760 2426 870 2460 effero
893 2428 936 2460 ad
960 2430 995 2461 te
1018 2429 1218 2470 argentum.
1247 2428 1340 2461 ΒΑΝ.
1367 2427 1518 2461 Matura.

828 2496 830 2498 ·
1377 2482 1499 2516 ADUL.
1526 2482 1674 2515 Domist.

348 2587 374 2621 1)
411 2585 510 2622 †socio
535 2587 608 2614 iussi
632 2586 760 2614 admirer
786 2587 907 2621 pedibus
932 2588 1100 2622 pulmunes.
1128 2588 1274 2615 Fortasse:
1296 2587 1424 2623 Oedipus
1443 2588 1468 2616 si
1487 2588 1522 2615 ad
1544 2595 1592 2615 me
1610 2588 1680 2623 iret,

310 2634 434 2669 pedibus
452 2634 579 2669 turgidis
597 2634 650 2668 qui
669 2633 848 2668 perhibetur,
867 2637 922 2661 cet.
941 2633 991 2667 (cs.
1013 2634 1042 2661 B.
1063 2634 1114 2662 Ph.
1136 2634 1181 2662 W.
1201 2633 1274 2662 1898
1294 2634 1342 2670 Sp.
1360 2634 1456 2669 1004).
