1932 3121
999 261 1040 294 72

335 363 525 405 praecipue
571 363 696 397 Latino
738 363 880 406 scripsit
899 363 928 404 1)
975 363 1067 407 (ipse
1107 365 1261 399 laudans
1303 359 1520 408 Ern'estium,
1565 365 1698 408 Opusc.

336 427 369 458 p.
407 417 470 450 102
499 426 572 458 sq.;
611 417 841 460 Schellerum,
880 418 1060 460 Praecept.
1095 419 1166 451 stili
1195 428 1230 461 p.
1267 419 1346 461 7185
1380 419 1483 453 Ferd.
1517 419 1701 454 Handium

335 471 380 504 ad
414 470 566 504 Statium
598 472 628 514 I,
663 471 728 505 269
759 471 847 515 sq.),
881 472 944 505 sed
975 472 1049 515 qui,
1084 482 1165 506 cum
1197 483 1268 507 non
1300 472 1432 508 diserte
1460 473 1588 508 dixerit
1614 473 1701 516 quid
1763 443 1798 500 ›-

335 525 577 567 repetitionem
602 527 770 568 nominet,
797 527 951 560 tortasse
969 527 1014 560 de
1033 537 1072 560 re
1087 537 1238 569 prorsus
1254 528 1396 561 diversa
1411 530 1519 570 atque
1534 527 1700 561 Woelffli-

335 589 405 611 nus
417 578 447 621 2)
472 581 543 622 egit
566 589 682 621 neque
704 580 749 613 de
771 581 1010 623 geminatione
1033 581 1174 624 qualem
1194 591 1262 625 ego
1278 581 1436 615 definivi.
1463 581 1702 615 Nihilominus

334 633 463 666 divisio
486 643 507 666 a
532 634 701 667 Paldamo
723 634 887 668 instituta
911 635 1004 668 inter
1027 644 1157 668 causas
1177 644 1270 677 quae
1285 635 1510 678 repetitiones
1525 635 1698 678 efficiunt,

334 688 501 728 quamvis
533 698 604 721 non
636 689 682 721 ab
706 689 804 722 omni
827 692 929 731 parte
952 692 1057 731 recta,
1085 690 1151 722 hoc
1174 689 1330 731 postulat
1353 691 1394 722 ut
1417 690 1568 723 aflectus
1591 690 1702 723 animi

334 741 580 784 investigetur,
615 752 708 784 quae
738 743 866 776 divisio
898 753 970 776 non
1001 743 1148 786 indigna
1178 745 1232 776 est
1263 752 1371 785 quam
1401 743 1457 777 hic
1480 744 1700 786 repetamus:

335 796 404 838 „a)
441 797 613 839 Repetitio
647 798 835 840 gravitatis
869 800 903 832 et
936 800 1085 831 ornatus
1120 807 1228 831 causa
1264 798 1417 831 maxime
1451 796 1487 830 in
1525 799 1637 840 poetis
1667 800 1702 832 et

333 851 538 884 oratoribus
569 852 617 885 ita
647 852 805 885 cernitur
827 854 867 885 ut
891 853 983 885 idem
1008 852 1221 885 vocabulum
1245 852 1323 885 sine
1345 852 1417 885 ulia
1441 852 1701 885 terminationis

334 907 396 938 aut
420 906 591 948 temporis
613 907 808 939 mutatione
831 908 1021 948 repetatur.
1050 905 1087 948 b)
1113 906 1380 948 Perspicuitatis
1402 906 1517 948 gratia
1540 907 1701 940 oratores

334 960 489 992 maxime
504 962 538 993 et
554 960 644 992 iuris
660 960 812 993 consulti
828 969 934 993 omne
946 960 1136 992 verborum
1150 969 1266 1001 genus
1278 961 1452 1001 repetunt.
1481 958 1514 1000 c)
1529 959 1700 1001 Repetitio

335 1013 570 1055 simplicitatis
594 1014 707 1055 gratia
731 1013 892 1046 instituta
916 1016 969 1046 est
993 1014 1135 1055 duplex.
1167 1013 1273 1046 Prius
1297 1023 1412 1055 genus
1435 1013 1470 1046 id
1494 1013 1699 1047 habendum

334 1070 399 1108 est,
426 1068 523 1108 quod
554 1068 658 1100 modo
681 1067 873 1109 tetigimus,
901 1067 963 1100 ubi
987 1068 1194 1109 simplicitas
1217 1067 1275 1100 illa
1298 1069 1352 1100 est
1376 1067 1497 1100 nativa
1519 1070 1553 1100 et
1573 1068 1700 1109 sponte

335 1130 405 1153 non
421 1121 557 1154 ratione
569 1124 663 1154 nata.
685 1122 855 1162 Sequitur
867 1122 1018 1154 alterum
1031 1121 1248 1163 repetitionis
1260 1130 1376 1163 genus
1388 1122 1484 1163 quod
1497 1121 1699 1163 quaesitum

333 1174 464 1208 idcirco
493 1175 662 1217 diximus,
694 1176 780 1217 quia
813 1176 879 1208 hae
907 1176 1131 1217 repetitiones
1155 1185 1227 1214 non
1250 1178 1322 1208 tam
1347 1175 1393 1208 ab
1415 1175 1559 1218 linguae
1581 1175 1709 1210 indole.

333 1238 442 1270 quam
477 1229 523 1262 ab
557 1229 740 1272 scriptoris
775 1230 940 1263 acumine
972 1229 1049 1262 sive
1082 1239 1195 1272 pravo
1225 1229 1301 1262 sive
1331 1229 1425 1262 bono
1456 1228 1697 1272 dependent.”

334 1283 575 1317 Woelfflinum
613 1284 888 1326 disputationem
930 1284 1087 1318 Paldami
1123 1284 1286 1317 reiecisse
1303 1284 1333 1326 3)
1365 1285 1540 1326 intellego,
1574 1294 1698 1326 quam-

333 1347 441 1379 quam
467 1338 570 1371 valde
599 1339 700 1371 doleo
729 1348 812 1371 eum
836 1339 931 1371 viam
954 1348 974 1371 a
999 1339 1168 1371 Paldamo
1191 1338 1315 1371 initam
1338 1347 1489 1380 prorsus
1513 1338 1701 1380 reliquisse

334 1401 449 1434 neque
480 1393 546 1426 hoc
568 1393 810 1436 ,fundamento
842 1402 948 1426 usum
979 1402 1072 1435 quae
1103 1393 1304 1426 necessario
1336 1392 1545 1435 corrigenda
1577 1394 1699 1426 essent

374 1457 392 1479 r
531 1472 539 1480 .

331 1456 596 1543 eoizl‘iessssssns,
632 1502 728 1542 quod
759 1501 804 1534 ad
835 1504 976 1543 tempus
1007 1501 1142 1542 attinet,
1177 1510 1197 1533 a
1230 1500 1431 1533 Woelfflino
1454 1500 1621 1533 laudatus
1644 1501 1699 1533 est

331 1555 421 1589 liber
455 1556 494 1589 A.
530 1556 569 1589 F.
606 1556 745 1589 Pottii
780 1556 824 1589 de
854 1556 1092 1599 geminatione
1122 1557 1156 1589 et
1188 1555 1466 1598 reduplicatione
1495 1555 1532 1588 in
1563 1555 1698 1598 linguis

332 1611 441 1643 totius
464 1611 562 1643 orbis
585 1612 775 1651 terrarum,
799 1610 895 1642 unde
912 1610 1136 1642 Woelfflinus
1151 1619 1266 1651 pauca
1282 1610 1491 1651 desumpsit,
1511 1613 1697 1651 propterea

332 1665 440 1707 quod,
459 1665 597 1707 opinor,
616 1666 667 1698 tot
683 1666 829 1706 tamque
843 1664 1005 1698 diversas
1018 1673 1075 1697 res
1087 1663 1226 1706 collegit
1233 1663 1275 1706 ⁴),
1285 1664 1354 1697 -sed
1367 1664 1429 1705 qui
1441 1656 1698 1706 posterioribus

333 1719 419 1751 viris
450 1719 563 1752 doctis
594 1719 683 1751 fonti
714 1719 782 1751 fuit
813 1728 894 1751 cum
924 1718 968 1750 iis
997 1719 1062 1764 quil
1087 1718 1356 1760 grammaticam
1387 1727 1526 1759 puram,
1553 1720 1629 1750 tum
1653 1718 1698 1750 iis

332 1773 393 1813 qui
418 1782 476 1806 res
499 1773 769 1815 psychologicas
793 1774 947 1805 tractant
971 1773 1116 1814 propter
1139 1772 1350 1805 immensam
1367 1772 1438 1804 vim
1454 1772 1698 1814 exemplorum

332 1828 491 1869 undique
525 1827 764 1866 collectorum,
801 1836 894 1868 quae
924 1828 1023 1859 tanta
1059 1829 1124 1868 est,
1158 1828 1199 1858 ut
1229 1825 1393 1859 lectorem
1425 1826 1539 1868 primo
1569 1826 1697 1859 obtutu

331 1882 600 1923 obstupefaciat.
628 1882 672 1913 In
696 1881 782 1914 locis
798 1881 843 1913 ad
859 1881 1018 1922 linguam
1036 1880 1199 1913 Latinam
1216 1880 1476 1922 pertinentibus
1492 1880 1566 1922 agit
1581 1881 1698 1923 magis

332 1936 376 1969 de
417 1936 692 1978 reduplicatione
733 1945 842 1977 quam
883 1934 927 1967 de
969 1944 1052 1967 vera
1092 1934 1340 1977 geminatione.
1386 1934 1513 1976 Itaque
1547 1935 1620 1977 agit
1654 1935 1699 1968 de

332 1990 451 2023 verbis
475 1993 515 2023 ut
539 1999 722 2031 mamma,
750 1998 939 2031 murmur,
962 1998 1156 2031 susurrus,
1181 1997 1328 2031 upupa,
1349 1988 1494 2031 cucula,
1515 1987 1694 2030 titubare,

333 2044 547 2086 tintinnire,
577 2043 796 2078 concinnus.
826 2043 959 2076 Divisio
970 2043 1000 2084 5)
1025 2043 1102 2076 eius
1126 2043 1261 2076 bonum
1285 2045 1512 2085 conspectum
1537 2044 1694 2086 praebet,

366 2228 391 2261 1)
430 2227 599 2255 Zeitschrift
619 2227 668 2253 fiir
687 2226 734 2253 die
753 2226 810 2252 Alt.
832 2226 918 2253 Wiss.
938 2224 1020 2259 1838,
1041 2233 1066 2259 p.
1086 2224 1280 2252 1205—1226.

366 2274 391 2308 2)
430 2275 448 2301 l.
469 2274 487 2301 l.
508 2282 534 2309 p.
554 2273 617 2300 425.

366 2320 392 2355 3)
430 2322 448 2348 l.
476 2321 494 2348 l.
522 2329 547 2356 p.
574 2320 644 2348 4⁸26:
677 2320 846 2348 ‘Paldamus
872 2322 976 2354 mengt
1000 2327 1032 2346 so
1058 2318 1255 2354 Heterogenes
1280 2318 1527 2352 durcheinander,
1553 2319 1621 2346 dass
1647 2319 1698 2346 fiir

330 2376 437 2396 unsere
465 2368 585 2396 Zwecke
614 2368 711 2395 nichts
741 2366 981 2402 hernusspringt'.
1011 2366 1151 2400 Exempla
1178 2365 1264 2392 affert
1293 2365 1374 2392 velut
1402 2365 1511 2392 formas
1536 2365 1634 2399 factas
1659 2380 1696 2385 —

328 2415 445 2449 sactum
470 2429 507 2433 —
533 2415 640 2449 sactae,
670 2414 804 2442 Thetidis
828 2427 866 2432 -—
893 2413 993 2440 Thetis
1011 2426 1047 2430 —
1071 2411 1188 2439 Thetidi
1216 2411 1247 2438 in
1280 2419 1338 2439 una
1365 2412 1513 2439 sententia
1541 2411 1695 2440 adhibitas.

328 2462 378 2490 Et:
399 2461 500 2497 „circa
519 2461 624 2490 Padus
642 2462 747 2497 amnis,
769 2461 861 2489 maior
879 2459 1010 2488 Padus‘’.

364 2509 390 2542 4)
430 2510 448 2536 l.
469 2510 489 2536 l.
509 2518 535 2543 p.
556 2508 625 2536 424:
647 2509 723 2543 Pott,
736 2509 789 2535 der
801 2508 879 2541 sehr,
892 2507 962 2534 sehr
975 2506 1073 2533 Vieles
1087 2509 1177 2533 unter
1189 2506 1299 2532 diesem
1314 2506 1429 2532 Namen
1444 2506 1619 2532 verstanden
1635 2506 1695 2532 hut.

365 2554 390 2588 5)
431 2555 612 2590 Doppelung.

515 2602 547 2629 A.
586 2601 643 2628 Der
669 2601 773 2628 Form
801 2602 886 2628 nach.

401 2647 427 2675 1.
466 2647 720 2681 Gemination,
740 2647 767 2674 d.
789 2647 817 2673 h.
839 2646 1072 2681 Wiederholung
1090 2646 1131 2673 im
1151 2646 1280 2672 Ganzen.
