1932 3121
950 290 991 323 31

290 394 366 429 704.
414 394 556 434 Quaero
579 394 663 436 quoi
685 395 740 428 ter
755 388 857 429 'trina
878 394 1029 437 triplicia
1052 394 1169 428 tribus
1193 394 1308 428 modis
1330 393 1399 427 tria
1421 394 1554 437 gaudia

289 449 382 484 705⁸.
413 449 566 483 Artibus*
583 448 700 483 tribus
722 451 777 483 ter
799 449 989 484 demeritas
1011 449 1092 483 dem
1115 449 1267 483 laetitias
1290 449 1335 483 de
1356 449 1474 483 tribus

289 502 384 538 ⁷05b.
417 503 560 537 Fraude
581 502 716 547 partas,
738 513 805 547 per
827 504 1008 548 malitiam,
1034 514 1099 547 per
1121 504 1243 538 dolum
1266 506 1301 538 et
1323 504 1516 538 fallaciam:

288 558 363 592 706.
413 558 457 591 In
479 557 597 592 libello
619 558 687 592 hoc
708 559 898 602 opsignato
919 559 987 593 hoc
1009 559 1112 593 attuli
1135 559 1342 602 pauxillulo.

288 612 363 646 707.
412 613 531 646 ADUL.
558 612 635 646 Illic
657 612 808 647 homost.
834 614 999 648 Aucus.
1026 615 1072 648 Ut
1095 614 1369 657 paratragoedat
1391 614 1576 648 carnufex.

612 746 811 780 Pseudolus
835 747 920 781 1284
946 746 1110 791 (aperite
1132 747 1314 791 aperite):

471 824 634 852 Pseudolus
652 833 762 861 servus,
780 826 833 862 qui
852 827 971 862 potavit,
990 816 1109 863 amavit,

432 872 552 902 saltavit
569 880 638 900 cum
657 880 708 900 ero
720 872 843 908 minore,
856 873 978 902 domum
990 874 1107 902 rediens

432 919 469 946 ad
497 919 648 947 Simonem
673 928 758 948 erum
787 921 927 949 maiorem
954 921 1109 957 magnifice

431 966 571 1002 idemque
590 966 715 1002 superbe
734 965 910 1019 votg'feratur
928 968 964 995 ad
985 968 1071 996 fores.

287 1031 384 1066 1246.
436 1031 555 1066 SERV.
583 1032 677 1071 Quid
700 1032 795 1067 hoc?
821 1032 938 1067 Sicine
960 1034 1026 1067 hoc
1049 1033 1118 1067 fit?
1142 1034 1261 1077 pedes,
1288 1034 1397 1067 statin
1420 1044 1467 1067 an
1492 1033 1593 1067 non?

284 1140 406 1189 ¹2⁸⁰¹¹·.
431 1140 568 1174 Nimiae
590 1142 667 1174 tum
691 1141 864 1184 voluptati
887 1142 1010 1185 edepol
1032 1142 1096 1176 fui.

283 1195 399 1229 128012.
434 1195 490 1230 Ob
512 1205 636 1229 casum
662 1195 743 1239 (Post
761 1205 933 1229 saltationem
952 1205 1026 1230 enim
1041 1196 1192 1239 ceciderat.)
1210 1197 1318 1230 datur
1333 1197 1546 1230 cantharus:
1569 1196 1644 1229 bibi

283 1249 381 1283 1281.
431 1250 618 1284 Gommuto
641 1250 720 1283 ilico
743 1250 899 1292 pallium,
925 1251 1011 1283 illud
1035 1251 1166 1293 posivi:

282 1303 379 1337 1282.
429 1304 519 1337 Inde
541 1304 612 1337 huc
634 1305 714 1346 exii,
741 1305 922 1346 crapulam
945 1305 1031 1337 dum
1055 1314 1268 1338 amoverem.

285 1358 379 1392 1283.
428 1358 533 1391 Nunc
541 1358 587 1391 ab
594 1367 656 1396 ero
664 1358 710 1391 ad
718 1367 818 1391 erum
829 1367 946 1391 meum
955 1359 1123 1391 maiorem
1130 1359 1234 1392 venio
1241 1358 1368 1391 foedus
1376 1358 1436 1401 (cf.
1446 1357 1641 1400 508—515)

1311 1414 1637 1446 commemoratum.

281 1466 377 1499 1284.
427 1465 595 1509 Aperite,
623 1465 779 1508 aperite.
806 1467 917 1508 Heus,
947 1466 1081 1499 Simoni
1106 1476 1163 1499 me
1177 1467 1303 1499 adesse
1318 1467 1447 1508 aliquis
1464 1466 1639 1498 nuntiate.

693 1594 931 1627 Truculentus
955 1595 1018 1627 551
1046 1593 1114 1636 (ite
1136 1593 1221 1636 ite):

441 1668 550 1696 Servus
563 1668 709 1703 permulta
718 1668 795 1696 dona
804 1668 1049 1696 afferens-amicae
1057 1669 1101 1696 eri

404 1715 460 1750 sui,
485 1715 641 1751 magnifice
665 1715 804 1751 idemque
822 1715 915 1743 iocose
934 1715 1099 1751 indignans.

277 1779 353 1813 549.
402 1780 541 1813 MILES.
568 1779 657 1818 Quis
680 1780 738 1813 hic
759 1780 911 1822 homost,
938 1780 1000 1822 qui
1022 1781 1157 1813 inducit
1180 1790 1346 1822 pompam
1369 1779 1535 1813 tantam?

811 1829 818 1834 ⁵
1023 1843 1033 1850 ·
1221 1835 1401 1869 Certumst
1415 1844 1497 1877 ,quo
1519 1835 1639 1868 ferant

275 1888 354 1922 550.
401 1888 620 1922 Observare:
645 1889 728 1922 huic
751 1889 856 1922 credo
878 1889 1008 1922 fertur:
1035 1899 1159 1922 verum
1181 1889 1253 1922 iam
1277 1889 1375 1922 scibo
1397 1889 1524 1931 magis.

275 1943 351 1975 551.
400 1941 467 1984 Ite,
494 1941 547 1976 ite
569 1943 636 1975 bac
660 1943 777 1985 simul,
804 1942 890 1976 muli
912 1943 983 1975 erei
1005 1942 1241 1985 damnigeruli
1264 1941 1386 1985 'floras
1409 1943 1573 1985 gerronis

275 1996 351 2030 552.
713 1997 895 2030 Bonorum
918 2006 1109 2040 exagogae.

273 2133 507 2177 Minatiouis:

637 2219 811 2252 Mercator
835 2218 898 2253 189
924 2218 1007 2262 (eho
1032 2219 1074 2252 tu
1097 2217 1166 2252 eho
1191 2217 1267 2261 tu):

273 2293 348 2326 179.
374 2335 377 2338 ψ
397 2294 516 2327 ADUL.
536 2294 693 2327 Obsecro
709 2294 825 2327 hercle
839 2296 884 2336 te,
903 2294 996 2326 istuc
1011 2295 1051 2326 ut
1066 2295 1106 2325 tu
1122 2293 1208 2325 mibi
1226 2294 1361 2326 malum
1376 2295 1488 2327 facias
1500 2295 1630 2336 palam.

273 2347 348 2381 180.
399 2343 518 2382 SERV.
545 2349 719 2391 Eloquar:
744 2348 1032 2391 quandoquidem
1056 2357 1113 2381 me
1134 2357 1235 2381 oras:
1260 2349 1357 2382 Tuos
1381 2351 1482 2392 pater
1506 2367 1548 2372 —

711 2437 713 2439 ,
1164 2403 1232 2435 An.
1259 2403 1355 2441 Quid
1379 2414 1480 2437 meus
1503 2403 1634 2446 pater?

271 2456 346 2489 181.
398 2456 517 2491 Smw.
544 2458 658 2491 Tuam
681 2458 830 2491 amicam
853 2475 896 2480 —
919 2457 987 2490 AD.
1013 2456 1107 2495 Quid
1130 2456 1235 2490 cam?
1263 2457 1384 2491 SERV.
1410 2459 1515 2492 Vidit.

1043 2511 1109 2544 An.
1137 2511 1259 2545 Vidit?
1283 2513 1356 2546 Vae
1379 2513 1509 2547 misero
1532 2514 1630 2548 mihi.

265 2564 345 2611 ¹182.
394 2565 465 2603 Qui
488 2566 602 2607 potuit
625 2565 772 2615 videre?
799 2565 918 2599 SERv.
944 2565 1078 2599 Oculis.
1104 2566 1171 2599 AD.
1199 2566 1279 2605 Quo
1302 2567 1433 2609 pacto?

669 2615 672 2619 ’
823 2641 827 2644 -
1275 2621 1396 2656 SERv.
1423 2622 1628 2655 Hiantibus.
