1932 3121
987 273 1007 305 4

360 375 393 408 6.
434 375 678 417 Hermogenes
693 373 774 417 περὶ
784 373 947 417 μεθόδου
961 374 1156 418 δεινότητος
1167 385 1244 418 cap.
1259 376 1280 410 9
1295 376 1348 419 (ΙΙ
1360 376 1438 419 433,
1454 376 1495 410 14
1510 376 1676 419 Spengel,

314 428 462 470 423,13
486 426 616 469 Rabe):

359 480 450 525 Περι
480 480 746 525 ἐπαναλήψεως.
774 480 1016 526 Ἐπανάληψις
1047 482 1171 526 γίνεται
1201 482 1290 517 κατὰ
1321 482 1475 528 τρόπους
1501 485 1599 527 τρεῖς·
1623 482 1679 518 ἐπὶ

313 535 520 580 πράγματος
544 534 761 579 διδασκαλίᾳ,
785 534 840 569 ἐπὶ
864 536 1063 580 προσώπου
1087 536 1247 572 συστάσει
1270 538 1292 582 ἢ
1317 536 1475 583 διαβολῇ,
1492 532 1548 572 ἐπὶ
1563 536 1679 582 ἤθους

337 590 498 633 εβαιώσει
546 616 1101 624 ...........
1144 589 1222 625 Ἐπὶ
1246 590 1411 637 διαβολῆς

359 644 461 688 Αρες,
467 644 578 709 Ἆρες,
591 644 804 688 βροτολοιγὲ,
812 645 988 690 μιαιφόνε,
999 645 1231 690 τειχεσιπλῆτα
1242 646 1301 690 (11.
1312 646 1422 690 V31).
1431 645 1676 689 Ἐπανέλαβεν,

312 699 366 733 ἵνα
390 698 429 732 τὸ
451 698 649 742 πρόσωπον
674 698 853 744 διαβάλλῃ.
873 698 952 733 Ἐπὶ
975 699 1091 744 ἤθους
1114 699 1153 734 δὲ
1175 699 1372 744 βεβαιώσει·

359 752 418 798 Τῷ
442 752 475 787 δ’
501 752 573 797 ἐγὼ
597 753 712 791 ἅντιος
735 752 813 798 εἶμι,
837 753 897 788 καὶ
920 754 952 788 εἰ
970 753 1056 798 πυρὶ
1077 756 1196 799 χεῖρας
1219 754 1341 794 ἔοικεν,

355 807 405 841 Εἰ
435 807 520 850 πυρὶ
553 810 671 851 χεῖρας
705 808 807 846 ἔοικε,
838 808 946 851 μένος
978 808 1010 842 δ’
1044 808 1174 843 αἴθωνι
1204 808 1341 853 σιδήρῳ
1374 809 1430 851 (11.
1469 810 1543 851 XX,
1578 809 1671 851 371).

305 860 559 905 Ἐπανέλαβεν,
583 861 637 895 ἵνα
662 860 699 895 τὸ
725 860 886 905 ἀνδρεῖον
909 857 1100 907 βεβαιώσῃ.

356 942 386 974 7.
436 941 600 974 Tiberius
623 940 703 984 περὶ
726 941 920 985 σχημάτων
943 942 982 975 C.
1009 942 1052 975 26
1078 942 1162 985 (ΙΙΙ,
1191 942 1243 984 70,
1270 942 1313 975 27
1339 941 1527 984 Spengel):

350 994 592 1061 Ἐπανάληψις
616 994 655 1028 δέ
678 994 776 1034 ἔστιν,
802 994 885 1029 ὅταν
908 994 946 1029 τὸ
970 994 1056 1029 αὐτὸ
1080 995 1195 1039 ὄνομα
1213 994 1270 1033 δὶς
1280 995 1318 1029 ἐν
1333 999 1384 1040 τῷ
1399 994 1497 1040 αὐτῷ
1512 992 1661 1038 κώλῳ
1638 1007 1673 1039 ῃ,

309 1051 331 1094 ἢ
355 1050 392 1084 ἐν
416 1053 457 1095 τῇ
479 1049 568 1095 αὐτῇ
591 1049 749 1094 περιόδῳ
772 1049 860 1084 κατὰ
885 1052 946 1084 τοῦ
970 1050 1078 1085 αὐτοῦ
1103 1050 1249 1097 σημείου
1273 1050 1492 1095 τεταγμένου,
1517 1048 1616 1089 οἷον,
1619 1048 1673 1089 ,οὔ

308 1104 422 1147 μόνον
452 1104 584 1148 κρίνετε
615 1104 759 1142 τούτους
789 1104 952 1149 τήμερον,
984 1105 1065 1139 οὔ.”
1097 1104 1167 1139 Καὶ
1189 1104 1292 1139 πάλιν
1319 1105 1451 1144 ,,καίτοι
1474 1103 1591 1148 φιλίαν
1613 1103 1673 1138 καὶ

309 1159 423 1198 ξενίαν
453 1158 562 1202 αὐτὴν
593 1158 769 1201 ὀνομάζει,
801 1158 860 1192 καὶ
891 1161 954 1193 νῦν
985 1158 1058 1193 εἶπέ
1085 1172 1156 1193 που
1179 1159 1292 1203 λέγων
1316 1160 1336 1193 ὁ
1360 1159 1421 1204 τὴν
1439 1157 1672 1202 Ἀλεξάνδρου

309 1213 422 1252 ξενίαν
454 1212 634 1252 ὀνειδίζων
663 1213 750 1255 ε’μοί.
777 1212 872 1256 Ἐγώ
901 1225 956 1247 σοι
979 1213 1096 1257 φιλίαν
1115 1213 1367 1257 Ἀλεξάνδρου;
1391 1213 1470 1247 οὔτε
1497 1211 1671 1246 Φιλίππου

308 1267 418 1307 ξένον,
443 1267 522 1301 οὔτε
540 1266 773 1310 Ἀλεξάνδρου
798 1266 900 1311 φίλον
923 1267 1052 1311 εἴποιμ’
1079 1268 1123 1302 ἂν
1145 1267 1217 1311 ἐγώ
1241 1267 1316 1303 σε.”

346 1320 544 1365 Ἐνέργειαν
567 1320 606 1355 τὸ
630 1323 750 1366 σχῆμα
774 1320 963 1365 ἐργάζεται,
988 1321 1049 1366 τὴν
1071 1321 1190 1366 μέντοι
1213 1321 1434 1366 ἐπανάληψιν
1449 1320 1671 1365 παλιλλογίαν

307 1375 487 1413 Καικίλιος
510 1375 686 1419 ὀνομάζει,
711 1374 786 1409 οἷον
812 1375 970 1419 ,,μιαρόν,
994 1374 1125 1419 μιαρὸν
1148 1374 1186 1409 τὸ
1202 1375 1368 1420 θηρίον.”
1394 1374 1464 1409 Καὶ
1480 1374 1670 1419 ,πονηρόη

305 1429 466 1474 πονηρὸν
497 1429 517 1463 ὅ
549 1429 811 1473 συκοφάντης.”
846 1428 916 1463 Καὶ
946 1428 1000 1469 ,,ῶ
1031 1429 1146 1472 τέκνα,
1179 1430 1321 1464 τέκνα.”
1359 1428 1429 1464 Καὶ
1462 1428 1517 1469 ,,ὦ
1552 1428 1669 1472 γάμοι,

306 1483 450 1528 γάμοι.”
477 1482 548 1517 Καὶ
571 1483 591 1517 ὃ
608 1483 844 1528 Δημοσθένης
859 1482 956 1523 „dm
975 1483 1042 1517 οὐκ
1059 1483 1157 1523 ἔστιν,
1175 1483 1241 1518 οὐκ
1258 1483 1357 1523 ἔστιν,
1374 1483 1474 1521 ὅπως
1490 1482 1669 1527 ἡμάρτετε,

304 1539 364 1572 τὸν
395 1538 485 1581 ὑπὲρ
514 1541 573 1582 τῆς
605 1538 805 1581 ἐλευθερίας
828 1537 992 1572 κίνδυνον
1016 1538 1224 1582 ἀράμενοι.”
1260 1537 1304 1573 Οἳ
1325 1538 1391 1582 μὲν
1415 1536 1479 1572 οὖν
1501 1536 1670 1572 πολιτικοὶ

304 1592 380 1626 κατ’
415 1591 528 1637 ἀρχὰς
558 1594 711 1636 χρῶνται
743 1594 814 1629 ταῖς
845 1591 1039 1636 ἀναλήψεσι
1067 1591 1126 1625 καὶ
1150 1595 1191 1635 τῆ
1213 1591 1425 1636 παλιλλογίᾳ,
1443 1590 1607 1635 “Ομηρος
1631 1591 1669 1624 δὲ

304 1646 363 1681 καὶ
386 1646 442 1681 ἐπὶ
465 1646 549 1680 τέλει
573 1646 745 1690 ἐχρήσατο
769 1645 878 1680 εἰπών

436 1704 488 1745 τῷ
511 1700 543 1734 δ’
572 1699 643 1743 ἐγὼ
668 1700 782 1737 ἄντιος
806 1699 884 1743 εἶμι,
908 1700 967 1734 καὶ
990 1700 1023 1734 εἰ
1040 1700 1125 1743 πυρὶ
1147 1703 1265 1744 χεῖρας
1288 1700 1410 1739 ἔοικεν,

437 1756 469 1789 εἰ
487 1755 571 1799 πυρὶ
595 1758 713 1799 χεῖρας
736 1755 839 1793 ἔοικε,
863 1755 970 1798 μένος
995 1754 1027 1788 δ’
1053 1746 1190 1795 αἴθωνι·
1208 1754 1355 1799 σιδήρῳ.

303 1810 472 1853 ἐπήνεγκε
496 1809 563 1853 γὰρ
586 1812 697 1843 τοῦτο.

346 1885 378 1918 8.
429 1885 657 1917 Herodianus
680 1882 759 1926 περὶ
783 1883 976 1927 σχημάτων
1001 1883 1085 1926 (ΙΙΙ,
1112 1884 1166 1925 99,
1193 1884 1236 1916 22
1263 1882 1450 1926 Spengel):

297 1938 489 1977 Ἐπίζευξις
502 1937 550 1976 δέ,
564 1937 648 1971 ὅταν
661 1936 701 1970 τὰ
713 1937 927 1980 προκείμενα
942 1936 1098 1980 ὀνόματα
1112 1936 1407 1980 διαλαμβάνοντες
1417 1935 1479 1980 τὴν
1492 1935 1666 1980 ἐπιφορὰν

302 1991 608 2036 ἕκφαντικωτέραν
624 1990 873 2035 ποιησώμεθα,
887 1990 962 2024 οἷον
973 2015 992 2030 ,,
1001 1989 1117 2035 Θῆβαι
1130 1990 1179 2030 δέ,
1196 1989 1323 2034 Θῆβαι,
1335 1989 1435 2028 πόλις
1449 1989 1665 2034 ἀστυγείτων,

300 2047 384 2090 μεθ’
410 2047 547 2090 ἡμέραν
569 2045 609 2079 ἐκ
632 2046 743 2089 μέσης
766 2048 826 2089 τῆς
844 2044 1012 2082 Ἑλλάδος
1036 2044 1288 2088 ἀνηρπάσθη.”

345 2116 376 2150 9.
426 2116 525 2149 Idem
551 2115 635 2158 (ΙΙΙ,
662 2114 716 2156 96,
744 2114 785 2147 31
813 2112 1000 2157 Spengel):

341 2170 573 2215 Ἐπαναφορά
621 2169 660 2203 δέ
706 2169 773 2203 ἐστι
818 2168 942 2207 πλάσις
988 2169 1027 2202 ἐκ
1066 2171 1126 2202 τοῦ
1167 2167 1475 2208 διαπλασιάζεσθαι
1514 2167 1664 2202 ἐπίτασιν

303 2225 458 2270 δηλοῦσα
482 2224 557 2259 οἷον

333 2279 418 2314 ,Τοῦ
444 2280 475 2313 δ’
502 2279 574 2324 ἐγὼ
599 2279 714 2316 ἀντίος
737 2277 805 2322 εἶμι
829 2277 888 2312 καὶ
911 2277 943 2311 εἰ
961 2276 1046 2321 πυρὶ
1069 2279 1187 2322 χεῖρας
1210 2277 1333 2317 ἔοικεν,

341 2334 377 2377 ἔεἷ
396 2333 481 2376 πυρὶ
504 2336 621 2377 χεῖρας
645 2332 746 2369 ἔοικε.
770 2332 877 2375 μένος
901 2331 933 2365 δ’
960 2331 1089 2365 αἴθωνι
1113 2331 1258 2375 σιδήρῳ.

299 2387 359 2422 καὶ

962 2440 1021 2474 ἅτε
1043 2440 1223 2484 παρθένος
1247 2439 1368 2485 ἠΐθεός
1390 2453 1425 2474 τε

342 2496 524 2540 παρθένος
547 2495 668 2539 ἠΐθεος
691 2496 719 2528 τ’
746 2494 923 2539 ὀαρίζετον
947 2494 1129 2539 ἀλλήλοιιν.

297 2564 357 2585 και

346 2605 462 2651 Θῆβαι
495 2605 543 2645 δέ,
579 2604 704 2649 Θῆβαι,
736 2604 835 2642 πόλις
866 2604 1084 2648 ἀστυγείτων,
1115 2604 1199 2648 μεθ’
1225 2604 1363 2649 ἡμέραν
1393 2603 1432 2638 ἐκ
1463 2603 1574 2647 μέσης
1601 2606 1661 2648 τῆς

293 2660 460 2698 Ἑλλάδος
483 2659 710 2704 ἀνήρπασται.
