1932 3121
1001 267 1042 301 76

381 372 565 404 Hactenus
588 371 633 404 de
654 371 746 404 libro
768 372 911 414 egregio
935 371 1050 413 Pottii,
1077 371 1139 413 qui
1163 373 1204 404 ut
1228 372 1297 405 iam
1320 372 1394 404 dixi
1414 373 1549 405 tantam
1566 371 1703 414 copiam

335 426 578 467 exemplorum
599 427 788 468 congessit,
807 427 848 459 ut
864 426 1121 467 posterioribus
1137 428 1171 459 et
1188 426 1390 460 Woelfflino
1405 428 1440 459 et
1456 425 1544 459 viris
1560 427 1706 459 nostrae

335 480 460 512 aetatis
491 480 553 521 qui
585 482 661 512 arte
691 479 940 522 psychologica
972 480 1041 512 nisi
1065 473 1338 522 geminationem
1362 481 1617 522 tractaverunt,
1644 480 1700 513 W.

334 534 545 566 Wundtium
568 536 603 567 et
624 534 702 567 Jac.
731 543 799 567 van
825 533 1010 567 Ginneken
1034 534 1123 574 dico,
1150 534 1240 567 fonti
1263 535 1359 568 unde
1381 535 1567 575 haurirent
1593 535 1698 567 esset.

380 588 464 621 P'ost
496 588 651 621 Pottium
683 588 908 622 Woelfflinus
938 589 1061 622 laudat
1092 589 1266 622 nonnulla
1290 589 1398 623 verba
1422 598 1466 622 ex
1488 588 1579 621 libro
1602 587 1698 620 Frid.

334 633 459 674 Haa'sii
479 641 507 684 .1)
546 642 711 685 negantis
746 643 991 684 pleonasmum
1027 644 1114 676 dare
1148 643 1245 685 quod
1280 643 1438 676 abundet
1471 645 1504 675 et
1538 652 1582 675 ex
1617 641 1703 675 vitio

332 696 500 737 loquendi
533 698 651 729 ortum
687 706 776 738 esse,
816 697 878 729 sed
913 706 956 729 ex
992 699 1109 730 mente
1143 697 1322 739 loquentis
1356 697 1418 738 qui
1449 697 1541 729 idem
1573 696 1703 729 iterare

333 750 426 792 velit,
464 750 584 792 itaque
618 751 891 793 geminationem
927 761 1006 784 esse
1040 751 1362 794 amplificationem.
1408 751 1508 790 Quae
1542 750 1700 784 Haasius

333 805 479 845 protulit
501 805 546 836 de
568 805 806 846 geminatione
829 806 995 845 quamvis
1019 806 1225 838 summatim
1248 808 1398 838 tractata
1418 805 1512 838 clare
1529 814 1570 837 ac
1585 804 1703 836 lucide

333 858 464 900 scripta
489 860 586 899 sunt.

376 913 417 944 A.
453 912 607 954 Spengel
638 913 674 945 in
707 913 801 946 notis
833 923 925 955 quas
948 914 1093 946 editioni
1117 914 1350 946 Terentianae
1372 913 1514 946 fabulae
1540 910 1697 944 ‘Andria’

331 965 467 998 addidit
502 967 775 1007 geminationem
812 969 939 1000 tractat
973 968 1018 1000 ad
1051 978 1104 1000 vs.
1140 967 1222 1000 282:
1257 967 1289 1000 ‘o
1321 967 1432 1009 Mysis
1464 966 1601 1008 Mysis',
1636 964 1699 997 sed

331 1020 480 1052 eandem
511 1020 757 1053 confusionem
788 1022 933 1063 praebet
965 1031 1072 1063 quam
1105 1022 1253 1064 priores,
1287 1031 1366 1055 cum
1395 1012 1566 1054 affectum
1589 1019 1699 1052 animi

330 1074 401 1106 iam
425 1074 462 1106 in
488 1074 661 1107 vocabulo
685 1075 860 1117 singulari
883 1077 1002 1108 inesse
1025 1086 1097 1108 non
1121 1076 1330 1108 intellexerit
1341 1075 1384 1116 2).

377 1128 442 1160 Est
481 1129 578 1169 quod
619 1129 758 1161 mireris
799 1129 833 1161 in
876 1130 967 1162 libro
1000 1130 1143 1172 egregio
1177 1133 1211 1162 et
1246 1130 1420 1163 acuminis
1454 1129 1557 1170 pleno
1592 1136 1698 1169 quem

332 1182 564 1214 Hermannus
610 1183 744 1215 Paulus
790 1183 932 1225 scripsit
950 1183 979 1225 3)
1027 1184 1276 1226 geminationis
1317 1178 1448 1216 iusta‘m
1484 1182 1698 1214 mentionem

330 1235 460 1267 factam
493 1245 564 1268 non
596 1245 675 1268 esse
705 1239 738 1268 et
769 1246 842 1269 uno
872 1239 1012 1269 tantum
1043 1237 1119 1270 loco
1150 1237 1259 1270 verba
1288 1239 1328 1270 ut
1356 1245 1531 1270 wauwau
1548 1234 1699 1278 putput

324 1298 437 1331 papa
469 1298 602 1322 mama
632 1292 781 1323 tractata
813 1292 847 1323 et
877 1300 921 1323 ex
952 1292 1131 1324 nutricum
1155 1291 1278 1335 lingua
1302 1291 1489 1332 desumpta
1513 1299 1592 1323 esse
1614 1288 1695 1321 dici.

330 1343 434 1380 Quod
457 1344 528 1375 iam
552 1343 776 1376 Woelfflinus
801 1346 894 1376 recte
917 1345 1132 1385 vituperavit
1144 1344 1187 1386 4).

375 1397 550 1430 Ricardus
567 1397 765 1430 Volkmann
774 1397 803 1440 5)
822 1398 858 1430 in
874 1398 966 1431 libro
982 1399 1169 1432 notissimo
1182 1408 1226 1431 ex
1238 1399 1362 1431 ordine
1374 1398 1469 1431 locos
1481 1397 1696 1439 scriptorum

330 1454 489 1484 veterum
521 1453 583 1493 qui
614 1452 658 1485 de
689 1452 938 1494 geminationis
969 1453 1087 1495 figura
1118 1456 1153 1486 et
1183 1453 1227 1485 de
1249 1453 1378 1495 figuris
1402 1452 1562 1495 cognatis
1587 1452 1697 1493 scrip·

329 1508 453 1538 serunt
493 1506 642 1548 collegit,
685 1506 790 1538 etiam
831 1516 1029 1548 perpaucas
1068 1516 1111 1539 ex
1150 1507 1218 1539 illis
1253 1507 1395 1548 scriptis
1429 1505 1697 1538 observationes

328 1560 473 1593 collatas
497 1560 541 1593 de
566 1561 600 1592 vi
624 1561 874 1602 geminationis
897 1561 1034 1602 adiecit,
1061 1570 1153 1603 quas
1177 1561 1268 1594 alliis
1291 1561 1378 1594 locis
1401 1560 1645 1593 tractavimus.

373 1615 458 1646 Post
483 1615 548 1646 has
573 1615 719 1646 selectas
743 1615 927 1656 opiniones
951 1625 972 1647 a
997 1616 1084 1647 viris
1107 1615 1220 1647 doctis
1241 1616 1477 1647 recentiorum
1494 1605 1695 1655 teinporum

328 1668 485 1708 prolatas
504 1669 574 1700 iam
591 1668 867 1709 disputationem
885 1669 1075 1701 Woelfflini
1091 1669 1205 1710 ipsam
1223 1668 1394 1709 tractabo,
1414 1668 1450 1701 in
1467 1677 1539 1709 qua
1555 1667 1697 1709 copiose

327 1722 398 1763 egit
425 1722 470 1754 de
500 1722 738 1764 geminatione
768 1723 803 1754 in
835 1732 999 1755 sermone
1023 1723 1149 1755 Latino
1172 1723 1277 1755 obvia
1301 1723 1384 1754 inde
1407 1732 1427 1754 a
1452 1721 1694 1754 vetustissima

327 1774 449 1816 lingua
474 1785 590 1817 usque
613 1776 658 1808 ad
682 1776 841 1818 linguam
866 1786 938 1818 qua
959 1776 1039 1809 Itali
1056 1776 1217 1809 hodierni
1233 1778 1396 1817 utuntur,
1422 1776 1531 1817 idque
1545 1775 1694 1808 eandem

327 1828 401 1861 fere
431 1830 703 1871 geminationem
735 1830 942 1873 intellegens
972 1840 1080 1872 quam
1104 1840 1170 1873 ego
1193 1830 1350 1863 definivi.
1378 1830 1477 1868 Quae
1500 1829 1696 1872 disputatio

364 1996 389 2030 1)
430 1996 632 2031 Vorlesungen
659 1997 731 2023 iiber
757 1997 942 2024 Lateinische
969 1997 1287 2031 Sprnchwissenschai't
1312 1995 1411 2030 (1874)
1438 1996 1459 2030 Ι,
1479 1995 1549 2023 193:
1575 1996 1693 2030 „Durch

327 2043 561 2077 Wiederholung
579 2043 633 2069 soll
653 2043 705 2069 der
725 2043 834 2077 Begriff
850 2043 1001 2070 erweitert
1020 2043 1152 2069 werden:
1172 2051 1259 2069 wowo
1280 2051 1313 2065 =
1336 2051 1378 2069 wo
1398 2043 1475 2069 auch
1494 2042 1627 2069 immer”.

361 2088 387 2122 2)
427 2089 479 2115 Die
499 2089 634 2123 doppelte
649 2089 764 2115 Anrede
778 2088 822 2115 als
836 2088 990 2115 Ausdruck
1005 2089 1056 2115 des
1068 2088 1344 2123 Sehmerzgefiihles
1358 2091 1446 2115 miter
1459 2088 1511 2115 der
1524 2088 1692 2119 erhobenen

325 2137 505 2171 Stimmung.
536 2136 649 2163 Ebenso
680 2135 753 2162 Eun.
778 2135 830 2163 91:
859 2144 875 2162 o
901 2135 990 2163 Thais
1015 2135 1112 2163 Thais.
1143 2136 1232 2163 Paulo
1258 2136 1365 2163 melius
1390 2135 1551 2171 scripsisset
1576 2149 1614 2154 —
1633 2144 1692 2163 non

324 2185 453 2211 dolorem
474 2184 524 2210 sed
545 2197 582 2202 -
601 2183 679 2217 „vim
700 2183 808 2210 doloris
826 2183 963 2209 indicat''.
991 2183 1129 2209 Praetera
1148 2183 1220 2209 alios
1239 2183 1317 2210 locos
1335 2183 1468 2210 eiusdem
1489 2184 1693 2217 poetaewelut

326 2231 422 2257 Heaut
439 2230 513 2261 Tim.
533 2229 603 2257 348:
624 2229 707 2265 ‘Syre
728 2229 820 2264 Syre',
842 2229 954 2264 llecyra
972 2228 1042 2256 856:
1063 2228 1202 2263 ‘Bacchis
1217 2237 1233 2255 ο
1248 2237 1314 2256 mea
1328 2229 1465 2264 Baeclnis’,
1486 2229 1607 2264 Adelph.
1621 2229 1691 2256 256:

323 2277 349 2305 *ο
374 2278 466 2305 frater
492 2277 592 2305 frater'
619 2278 726 2304 addere
753 2278 858 2311 potuit,
879 2277 929 2304 ubi
955 2276 1185 2311 geminationem
1213 2277 1339 2303 aliorum
1360 2277 1521 2304 affectuum
1542 2285 1691 2304 assevera-

323 2325 433 2350 tionem
454 2324 573 2351 indicat.
594 2325 597 2328 ⁴

359 2369 385 2402 3)
424 2370 589 2405 Principien
610 2370 662 2396 der
681 2369 961 2405 Sprachgeschichte
981 2368 1064 2403 1880,
1085 2377 1111 2403 p.
1131 2368 1199 2403 191;
1220 2368 1279 2396 ed.4
1298 2368 1397 2403 (1909)
1416 2378 1442 2404 p.
1462 2368 1526 2397 181.

358 2416 384 2450 4)
424 2417 441 2443 1.
462 2417 480 2443 l.
502 2425 528 2451 p.
547 2416 617 2443 446:
645 2416 741 2444 Wenn
770 2425 836 2443 man
862 2417 962 2444 diesen
982 2417 1044 2443 sicli
1065 2416 1140 2443 noch
1161 2416 1264 2443 weiter
1282 2417 1523 2451 nusdehnenden,
1543 2416 1614 2444 aber
1633 2417 1691 2444 fast

323 2472 381 2491 nur
408 2464 462 2491 aui*
486 2463 532 2491 die
558 2463 652 2498 Dinge
679 2463 732 2490 der
757 2463 940 2491 Kinderwelt
967 2463 1183 2491 besehiiinkten
1212 2462 1395 2491 Wortschatz
1422 2461 1690 2498 ‘Ammenspraclie'

321 2514 454 2545 genannt
483 2510 544 2544 hat,
574 2519 605 2537 so
634 2510 673 2537 ist
703 2518 771 2537 man
802 2510 894 2537 damit
923 2510 975 2537 der
1003 2509 1095 2537 Sache
1125 2509 1208 2537 nicht
1236 2501 1371 2538 auf'den
1397 2509 1500 2537 Grund
1527 2518 1689 2545 gegangen.

323 2557 345 2583 V
367 2558 385 2583 l.
407 2556 505 2584 Herm.
526 2556 607 2583 Paul.

346 2565 383 2635 ἦ»)
423 2604 475 2630 Die
501 2603 643 2630 Rhetorik
670 2603 722 2630 der
741 2603 886 2630 Griechen
908 2604 965 2630 und
990 2603 1097 2631 Romer
1116 2604 1146 2630 in
1167 2604 1409 2638 systematischer
1429 2603 1601 2631 Uebersicht
1620 2604 1689 2630 dar-

320 2651 428 2685 gestelt
447 2649 529 2684 1872,
549 2651 595 2677 ed.
615 2651 709 2676 altera
727 2649 809 2677 1885.
