1932 3121
251 470 328 503 727.

253 819 330 853 735.

254 873 331 907 736.

253 928 331 961 737.

255 1384 312 1417 92.

254 1438 312 1472 93.

254 1492 311 1525 94.
322 1491 324 1493 ’

255 1546 311 1580 95.

257 1600 313 1635 96.

256 1654 313 1688 97.

255 1709 313 1743 98.

255 1763 311 1797 99.

259 2166 338 2200 313.

259 2274 337 2311 314.

260 2382 339 2419 315.

262 2523 340 2577 319.

262 2650 341 2685 320.

909 274 953 308 23

731 378 861 412 casina
885 377 951 411 ‘727
976 376 1032 421 <ry
1054 376 1130 421 tm:

380 469 528 502 Sunnx.
542 468 647 501 Mane
660 477 754 510 vero,
780 476 998 509 quamquam
1010 466 1162 500 fastidis.
1189 465 1358 499 SERVUS.
1374 464 1431 508 By
1442 464 1495 508 ty,
1509 445 1630 498 foetet·

1267 521 1349 553 tuos
1373 519 1460 552 mihi
1483 528 1611 552 sermo.

587 654 717 687 casina
741 654 805 687 737
830 637 1033 697 (memento
1056 653 1278 691 mementm:

381 743 489 771 Servus
507 750 576 770 cum
596 751 645 770 ero
663 751 733 770 sene
752 743 892 778 loquitur.
924 731 927 732 ⁷

382 819 552 852 SERVUS.
581 796 741 851 Serros?
766 818 871 861 Ego?
898 818 1044 851 SENEX.
1070 819 1186 860 Atque
1208 828 1322 851 meua.

384 873 552 907 SERVUS.
580 873 658 906 Non
682 882 762 905 sum
786 882 852 915 ego
874 871 991 905 liber?

381 926 583 969 Memento,
617 928 816 961 memento.

551 1000 627 1034 (scil.
640 1001 720 1036 quod
732 1001 812 1028 mihi
822 1001 1005 1036 promisisti‚-
1021 1002 1042 1028 ι’.
1054 1008 1078 1029 e.
1092 1008 1141 1028 me
1153 1008 1239 1035 posse
1252 1001 1353 1028 emitti
1367 1009 1470 1035 manu,
1484 1000 1523 1035 cf.
1537 1000 1614 1034 474).

741 1125 908 1167 Epidicus
931 1125 973 1158 97
999 1124 1123 1168 (tete):

395 1215 504 1243 Servus
513 1223 614 1243 secum
627 1214 814 1250 colloquitur,
826 1215 911 1250 quasi
924 1215 999 1243 duae
1012 1222 1077 1250 per-

359 1270 447 1290 sonae
477 1263 546 1296 sint,
574 1270 605 1289 se
633 1262 695 1297 ipse
721 1262 752 1288 in
777 1262 869 1289 vicem
889 1269 1030 1289 accusans
1048 1265 1079 1289 et

358 1317 510 1337 excusans.

672 1383 760 1415 Nam
784 1382 846 1415 ubi
869 1392 977 1415 senex
1000 1383 1150 1415 senserit

363 1438 438 1471 Sibi
461 1438 544 1471 data
567 1446 646 1470 esse
668 1437 787 1478 verba,
815 1436 926 1479 virgis
948 1436 1094 1469 dorsum
1118 1436 1287 1478 despoliet
1311 1446 1439 1470 meum.

672 1491 716 1523 At
738 1491 831 1523 enim
854 1492 894 1523 tu
917 1500 1100 1532 praecave.
1239 1491 1243 1493 ’

362 1546 406 1579 At
421 1546 515 1579 enim
528 1564 570 1569 —
583 1545 644 1578 bat
655 1544 765 1577 enim:
790 1544 839 1577 nil
850 1545 903 1577 est
914 1544 1018 1577 istuc.
1041 1544 1151 1577 Plane
1161 1544 1228 1577 hoc
1239 1545 1483 1586 corruptumst
1495 1546 1614 1586 caput.

672 1600 832 1641 Nequam
855 1598 994 1632 homo’s
1017 1598 1172 1641 Epidice.

363 1654 432 1693 Qui
455 1655 612 1688 lubidost
636 1654 727 1687 male
748 1652 873 1695 loqui?
897 1653 988 1691 Quia
1011 1655 1050 1686 tu
1076 1653 1149 1687 tete
1170 1653 1316 1686 deseris.

673 1708 767 1746 Quid
789 1707 945 1741 faciam?
970 1707 1050 1740 Men
1075 1706 1210 1750 rogas?

361 1763 559 1805 Tuquidem
584 1763 733 1795 antebac
756 1762 833 1795 aliis
857 1761 995 1794 solebas
1018 1762 1104 1796 dare
1126 1761 1272 1795 consilia
1296 1763 1432 1795 mutua.

522 1905 621 1939 Miles
645 1905 829 1939 Gloriosus
852 1904 916 1938 313
942 1902 1128 1947 (Sceledre
1151 1903 1354 1947 Sceledre):

423 1994 532 2022 Servus
551 1994 654 2021 sollers
673 1994 751 2021 foras
769 2002 800 2021 se
819 1993 1014 2028 praecipitans
1031 2001 1083 2020 ex-

386 2042 572 2078 probratione
605 2042 673 2069 ficta
701 2050 818 2069 servum
846 2041 1080 2068 circumductum

387 2089 557 2124 alloquitur.

390 2165 559 2199 SERvus.
587 2163 767 2205 Sceledre,
794 2162 973 2204 Sceledre,
1000 2163 1082 2204 quis
1105 2163 1211 2196 homo
1234 2163 1270 2195 in
1294 2165 1389 2196 terra
1412 2165 1448 2197 te
1465 2165 1554 2198 alter
1569 2168 1624 2199 est

1425 2218 1622 2253 audacior?

387 2273 476 2312 Quis
501 2273 614 2315 magis
637 2272 712 2305 deis
735 2272 886 2304 inimicis
910 2273 1017 2304 natus
1039 2281 1148 2312 quam
1173 2273 1213 2304 tu
1236 2273 1344 2313 atque
1366 2272 1496 2306 iratis?
1546 2273 1549 2276 ’

645 2335 648 2339 ·
1252 2327 1396 2360 ALTER.
1423 2327 1518 2366 Quid
1541 2328 1624 2361 est?

389 2382 526 2414 PRIOR.
554 2381 667 2414 Iuben
691 2381 754 2413 tibi
777 2380 898 2413 oculos
921 2379 1070 2412 exfodiri
1094 2380 1227 2421 quibus
1243 2380 1280 2412 id
1295 2381 1392 2422 quod
1409 2386 1625 2424 nusquamst

1176 2440 1181 2446 ’
1496 2436 1624 2470 vides?

388 2543 534 2577 ALTER.
560 2542 798 2582 Quamobrem
821 2541 989 2575 iubeam?
1021 2542 1159 2575 PRIOR.
1187 2514 1485 2578 Philocomasium
1507 2554 1626 2579 eccam

1124 2597 1231 2640 domi,
1257 2608 1367 2640 quam
1390 2599 1426 2632 in
1451 2610 1626 2641 proxumo

390 2652 528 2685 Vidisse
558 2652 657 2685 aibas
685 2653 720 2685 te
741 2651 959 2685 osculantem
982 2652 1090 2693 atque
1112 2652 1373 2695 amplexantem
1397 2663 1479 2687 cum
1501 2654 1623 2687 altero.

1376 2834 1446 2873 ρ
1477 2806 1485 2809 .

1359 2878 1393 2902 2¹
