1932 3121
911 270 1000 305 ‘91

300 373 469 408 Studium
490 373 602 417 igitur
619 370 898 409 *asseverationis
921 384 993 408 non
1017 372 1298 417 ubique‘adesse
1316 377 1475 418 apparet.
1502 375 1660 409 Praeter-

262 445 265 448 ·
297 437 408 471 quam
438 428 536 470 quod
565 428 669 461 metri
699 438 809 468 eausa
830 428 898 463 hoe
920 429 1052 466 laetum
1079 439 1159 463 esse
1181 431 1307 472 potest,
1336 430 1389 462 vis
1412 430 1661 472 geminationis

296 481 455 515 obsoleta
488 491 568 528 ease
601 482 753 516 videtur.
791 483 838 517 Et
871 483 909 516 in
943 483 1022 517 aliis
1055 484 1189 526 linguiS
1220 484 1333 516 multa
1364 484 1472 527 verba
1503 484 1660 517 obsoleta

244 546 268 552 ‘¹
297 536 412 570 torma
441 537 635 570 ooourrunt
647 535 676 579 1)
707 537 742 570 et
771 536 809 581 in
839 537 962 580 lingua
993 538 1118 571 Latina
1149 539 1190 571 ut
1220 546 1358 581 upupa
1380 537 1493 584 ulula
1516 539 1656 580 turtur,

296 589 334 623 in
369 590 503 636 quibus
528 590 721 625 >voeabulis
754 591 897 635 utendis
930 594 962 625 is
996 592 1059 635 qui
1088 592 1303 641 loquebatur
1332 593 1412 626 soni
1444 593 1660 635 repetitionis

298 653 370 678 non
394 653 534 687 semper
556 645 778 688 meminerat,
800 655 1020 688 quamquam
1044 647 1130 680 haee
1154 647 1314 689 repetitio
1334 647 1413 680 soni
1432 657 1541 681 eausa
1564 648 1660 681 vocis

297 698 508 739 formandae
528 698 608 733 tuit.
636 699 695 733 Sic
708 698 861 743 'quoque
882 700 919 734 in
943 701 1126 735 vocabulis
1150 700 1332 745 quisquis
1355 702 1549 745 quotquot
1571 712 1600 735 o.
1624 712 1657 735 a.

296 753 441 787 utendis
471 753 632 787 homines
662 754 867 797 posterioris
897 756 1022 789 aetatis
1052 756 1090 789 in
1120 756 1164 789 iis
1196 756 1269 789 vim
1299 756 1530 790 asseverandi
1560 757 1660 790 initio

296 804 410 841 fuisse
440 817 614 842 memores
644 818 716 842 non
745 809 903 852 fuerunt,
937 811 1145 852 praesertim
1176 820 1258 844 oum
1289 811 1390 844 aliter
1419 812 1527 853 atque
1556 820 1660 844 voees

297 871 370 895 non
403 862 603 906 geminatae
635 863 815 898 adhibitae
847 865 881 897 et
914 865 1126 906 pronomina
1157 865 1303 898 relativa
1335 865 1449 898 factae
1479 865 1562 907 sint,
1597 858 1659 898 sed

298 915 354 964 vis
377 917 607 950 asseverandi
629 918 679 951 ibi
700 918 858 951 obsoleta
880 918 974 952 facta
996 920 1051 951 est
1062 917 1105 961 2).

345 969 415 1004 Sed
448 971 665 1005 desinamus.
704 972 760 1005 Ex
793 972 963 1015 exemplis
998 973 1172 1006 Plautinis
1204 975 1238 1006 et
1269 973 1492 1006 Terentianis
1524 974 1659 1007 collatis

297 1024 503 1067 collegimus
534 1025 622 1067 nihil
651 1025 777 1059 obesse
807 1027 999 1068 quominus
1029 1027 1101 1060 vim
1130 1027 1379 1070 geminationis
1402 1028 1657 1061 affirmativam

285 1079 464 1113 *omnibus
475 1080 572 1122 loeis,
591 1080 654 1114 ubi
666 1090 737 1113 non
748 1081 926 1114 obsoletae
937 1081 1072 1114 formae
1083 1084 1286 1124 occurrunt,
1302 1082 1429 1115 adesse
1440 1083 1654 1116 statuamus.

298 1133 354 1165 Ex
383 1134 553 1176 exemplis
582 1144 625 1168 so
656 1144 711 1177 so,
746 1134 787 1168 la
817 1135 867 1177 la,
896 1134 952 1168 sic
980 1134 1045 1177 sic,
1079 1145 1152 1179 aye
1174 1145 1246 1179 aye
1268 1136 1423 1169 vidimus
1445 1137 1514 1169 iam
1539 1137 1577 1169 in
1601 1137 1658 1169 his

298 1187 481 1221 vocabulis
510 1198 582 1222 non
603 1189 801 1231 ‘geminatis
832 1189 904 1222 vim
933 1189 1203 1223 deminutivam·
1219 1191 1337 1224 inesse
1362 1200 1471 1233 quam
1495 1190 1658 1224 nonnulli

298 1241 366 1274 viri
384 1242 477 1275 docti
496 1242 732 1285 geminatione
749 1243 921 1279 adiectam
939 1253 1019 1276 esse
1036 1245 1264 1285 putaverunt.
1291 1245 1414 1286 Neque
1427 1255 1472 1278 ex
1486 1246 1657 1287 exemplis

296 1305 317 1328 e
335 1296 530 1338 posteriore
543 1300 578 1329 et
593 1298 712 1339 priore
727 1297 915 1331 Latinitate
929 1307 951 1331 a
966 1298 1053 1330 viris
1068 1298 1283 1332 doctissimis
1298 1299 1509 1341 Woelfflino,
1530 1299 1653 1340 Bittio,

297 1350 473 1393 Nordeno‚
508 1351 708 1384 Werniekio
737 1351 873 1394 collatis
903 1352 974 1385 ulla
1003 1361 1112 1385 eausa
1142 1352 1264 1385 afferri
1295 1354 1410 1395 potest
1436 1362 1529 1395 quae
1551 1353 1656 1386 aliam

296 1404 564 1448 explicationem
596 1406 758 1448 amplecti
780 1415 847 1439 nos
870 1408 983 1449 cogat.
1009 1406 1104 1445 Quid
1126 1407 1236 1449 igitur
1259 1407 1377 1440 obstat
1399 1408 1592 1449 quominus
1614 1417 1655 1441 ea

296 1458 493 1501 explicatio,
535 1469 628 1501 quae
664 1469 789 1493 omnes
826 1460 923 1493 looos
962 1470 1074 1502 aeque
1111 1461 1212 1494 facile
1250 1462 1401 1503 explieat
1436 1462 1539 1495 unice
1572 1472 1656 1495 vera

297 1512 488 1546 habeatur:
523 1513 796 1556 geminationem
826 1523 906 1547 esse
938 1515 1236 1548 asseverationem
1270 1515 1379 1548 animi
1407 1515 1557 1549 affectus
1585 1516 1655 1549 iam

297 1576 361 1609 per
385 1563 506 1600 vooe'm
530 1577 602 1600 nou
625 1563 839 1610 geminatam
862 1568 1097 1610 expressam?

334 1705 361 1736 1)
398 1704 485 1740 Papa,
505 1713 613 1740 mama,
629 1704 742 1740 joujou,
761 1713 881 1733 canaan.

334 1750 361 1786 2)
397 1751 439 1779 Ea
466 1760 544 1787 quae
571 1750 779 1782 affirmativam
809 1752 867 1780 vim
895 1753 1025 1781 habeant
1052 1756 1083 1781 et
1111 1753 1250 1781 vocabula
1278 1757 1455 1790 exaggerata
1479 1755 1657 1782 obsolescere

298 1807 381 1834 posse
399 1802 520 1834 apparet
538 1808 573 1826 ex
593 1799 743 1828 vocabulis
755 1809 771 1827 e
786 1801 947 1828 notissimis
959 1802 1164 1836 comparativis
1176 1802 1310 1829 formatis
1325 1805 1358 1828 ut
1372 1803 1519 1836 maqister
1530 1801 1657 1837 (mayis)

297 1846 441 1874 minister
459 1845 597 1881 (minus).
617 1846 664 1875 Sic
681 1847 713 1874 in
731 1847 835 1883 lingua
853 1851 955 1876 nostra
972 1848 1127 1876 meet-dere
1144 1847 1261 1884 (meer),
1282 1849 1313 1876 in
1333 1848 1507 1877 Germanica
1520 1850 1658 1878 mehrere

297 1892 418 1928 (mehr),
442 1894 483 1921 sic
509 1894 660 1930 Belginum
685 1895 845 1930 antiquum
871 1895 921 1922 bat
940 1895 971 1922 in
991 1895 1079 1930 beter,
1099 1896 1177 1923 unde
1195 1896 1254 1922 iam
1274 1896 1320 1923 his
1338 1896 1424 1923 annis
1443 1904 1552 1923 novum
1571 1904 1656 1924 voea-

297 1939 403 1968 bulum
429 1940 589 1968 formatum
616 1940 751 1969 baeer-der
777 1941 871 1977 magis
895 1944 986 1977 atque
1012 1942 1106 1978 magis
1123 1942 1252 1977 auditur,
1272 1945 1306 1969 ut
1326 1941 1373 1969 hic
1391 1942 1452 1970 illic
1470 1942 1657 1978 ηααωενάεν,

296 1987 375 2022 quod
401 1995 526 2016 nauwer
549 1988 730 2016 obsolescere
755 1989 880 2024 videtur,
905 1991 997 2024 atque
1021 1989 1094 2016 item
1120 1990 1266 2024 laqerder,
1293 1990 1446 2024 heqer-der,
1469 1990 1657 2025 vluyqerder.

297 2032 342 2059 Cf.
367 2033 459 2060 etiam
486 2033 623 2068 exterior,
648 2034 785 2070 deterior,
810 2035 966 2070 dexterior,
991 2038 1022 2062 et
1046 2043 1124 2070 quae
1146 2030 1308 2064 Wundtius
1326 2035 1348 2069 1,
1366 2034 1394 2070 2,
1412 2043 1439 2070 p.
1459 2034 1514 2062 575
1532 2035 1604 2063 dicit
1622 2036 1658 2062 de

297 2078 446 2107 vocabulis
478 2081 662 2116 exaggeratis
695 2082 804 2117 quibus
837 2082 977 2110 iuventus
1011 2081 1184 2110 Academica
1217 2083 1327 2110 utitur:
1362 2081 1528 2117 ῙῖινοΙιεὸαν,
1555 2083 1659 2118 riesiq,

286 2118 515 2161 'schauderhast
556 2135 585 2154 u.
614 2127 673 2163 dgl.
701 2127 925 2164 ‘Urspriinglich
960 2128 1110 2156 Produkte
1140 2129 1345 2164 jugendlicher
1379 2128 1660 2165 Affektsteigerung,

298 2172 395 2201 haben
420 2173 500 2201 diese
526 2172 677 2202 Attribute
703 2166 796 2203 durch
822 2175 1174 2212 gewohnheitsmaszigen
1201 2175 1354 2204 Gebrauch
1379 2175 1465 2203 ihren
1491 2176 1658 2205 intensiven

296 2218 498 2250 Geifihlswert
517 2219 669 2249 verloren’.
944 2216 948 2219 ⁴
