1932 3121
279 541 362 574 722..

280 594 356 629 723.

277 773 354 807 817.

276 827 353 860 818.

275 874 354 914 819.

276 935 352 969 820.

275 990 352 1024 821.

275 1044 352 1077 822.

274 1314 352 1348 595.

274 1422 351 1456 596.

273 1477 350 1509 597.

273 1530 349 1565 598.

272 1639 348 1673 599.

271 1693 349 1726 600.

271 1801 346 1834 601.

270 2137 366 2170 1176.

269 2191 368 2225 1177.

269 2299 367 2334 1178.

269 2354 366 2387 1179.

268 2461 366 2496 1180.

937 270 979 302 41

769 373 879 406 Persa
903 373 967 406 722
993 371 1145 416 (αἰιαθε

443 438 574 474 Repente
599 438 699 465 lenoni
724 437 872 466 succurrit
896 445 927 465 se
945 437 1025 465 inter
1041 445 1097 465 ser·

406 493 525 512 monem
544 485 657 520 aliquid
677 485 773 512 dicere
791 484 917 512 oblitum
936 492 1009 512 esse.

405 541 526 574 LENO.
553 540 678 583 Attat,
703 541 836 574 oblitus
859 551 941 574 sum
963 541 1062 574 intus
1085 541 1222 575 dudum
1246 541 1383 574 edicere
1432 527 1438 534 ¹

404 595 505 633 Quae
528 595 624 628 volui
648 595 772 628 edicta.

735 700 915 734 Poenulus
938 700 1001 733 821
1029 699 1161 743 (attat)
1172 710 1180 733 :

406 773 526 807 Sznv.
556 774 724 817 Expecto,
750 784 823 816 quo
844 776 948 816 pacto
971 784 1070 808 meae
1091 775 1252 808 techinae
1274 783 1510 816 processurae
1533 773 1640 806 sient.

405 827 538 861 Studeo
547 828 644 861 hunc
650 828 813 861 lenonem
821 828 985 871 perdere:
993 829 1042 861 ita
1050 837 1168 861 meum
1177 837 1279 861 erum
1287 828 1458 861 miserum
1466 829 1640 861 macerat:

402 881 441 914 Is
464 891 521 914 me
542 884 661 915 autem
685 892 793 924 porro
816 882 990 924 verberat,
1016 882 1177 915 incursat
1199 882 1343 924 pugnis,
1370 881 1538 915 calcibus.

405 935 548 969 Servire
570 937 704 969 amanti
726 936 915 979 miseriast,
941 937 1149 979 praesertim
1173 936 1235 979 qui
1258 936 1356 978 quod
1378 938 1475 969 amat
1498 938 1604 969 caret.

401 989 526 1032 Attat,
552 1000 572 1024 e
594 991 679 1024 fano
702 991 858 1033 recipere
880 991 982 1024 video
1005 1001 1044 1024 se
1069 991 1336 1034 Syncerastum,

402 1044 556 1077 Lenonis
579 1054 731 1077 servom.
758 1045 852 1083 Quid
875 1045 1002 1078 habeat
1026 1045 1201 1078 sermonis
1224 1044 1445 1078 auscultabo.

680 1148 879 1181 Pseudolus
902 1148 967 1181 600
992 1147 1090 1190 (tace
1113 1147 1225 1190 tace„

439 1211 548 1241 Servus
581 1213 713 1239 caculam
747 1211 851 1239 militis
880 1212 980 1239 videns
1009 1213 1096 1239 adve-

401 1259 544 1292 nientem,
562 1259 610 1286 cui
630 1259 717 1286 verba
735 1259 912 1294 dare‘cupit.

401 1314 566 1348 GAcULA.
601 1315 649 1348 Hi
679 1315 746 1349 loci
776 1318 861 1348 sunt
891 1316 998 1357 atque
1027 1315 1094 1348 hae
1124 1315 1287 1357 regiones
1317 1324 1411 1357 quae
1433 1315 1481 1347 mi
1504 1314 1550 1347 ab
1573 1323 1638 1347 ero

1248 1371 1333 1401 sunt
1356 1369 1630 1409 demonstratae,

401 1422 446 1456 Ut
457 1432 524 1466 ego
535 1423 647 1456 oculis
660 1424 831 1456 rationem
844 1424 960 1466 capio:
974 1433 1082 1465 quom
1095 1423 1144 1456 mi
1155 1424 1203 1456 ita
1215 1423 1303 1456 dixit
1311 1432 1396 1458 erus
1404 1432 1506 1456 meus
1514 1422 1634 1455 miles:

402 1477 596 1519 Septumus
618 1487 698 1510 esse
720 1478 818 1510 aedis
841 1487 861 1510 a
884 1480 997 1519 porta,
1024 1478 1086 1510 ubi
1104 1478 1162 1510 ille
1180 1477 1314 1510 habitet
1331 1478 1413 1509 leno
1428 1477 1513 1518 quoi
1528 1476 1636 1509 iussit

402 1530 611 1574 Symbolum
643 1541 699 1565 me
728 1531 821 1565 ferre
851 1534 885 1565 et
913 1532 981 1565 hoc
1004 1533 1203 1578 argentum.
1230 1531 1343 1564 Nimis
1368 1531 1471 1565 velim
1495 1532 1634 1565 certum

1253 1586 1315 1627 qui
1338 1587 1375 1619 id
1399 1586 1485 1618 mihi
1507 1586 1632 1618 faciat:

798 1640 909 1673 Ballio
931 1640 1011 1673 leno
1035 1640 1096 1673 ubi
1119 1640 1176 1673 hic
1199 1639 1361 1673 habitat?

400 1693 519 1727 SERV.
557 1693 608 1735 St,
644 1694 724 1727 tdce
756 1694 836 1727 tace
846 1693 893 1735 ¹):
927 1703 1027 1726 meus
1057 1694 1114 1727 hic
1144 1695 1198 1726 est
1228 1693 1345 1734 homo,
1380 1694 1417 1725 ni
1446 1695 1572 1726 omnes
1595 1693 1634 1725 di

1131 1749 1239 1789 atque
1261 1747 1423 1780 homines
1445 1747 1629 1780 deserunt.
1674 1749 1679 1751 “

396 1802 497 1835 Novo
525 1802 670 1835 consilio
693 1796 790 1835 nunc
813 1801 898 1834 mihi
921 1811 1012 1844 opus
1036 1804 1106 1835 est:
1131 1812 1224 1834 nova
1249 1811 1306 1834 res
1330 1802 1417 1834 haec
1439 1802 1558 1834 subito
1583 1802 1630 1833 mi

1445 1855 1629 1889 obiectast.

566 1920 686 1955 (Totum
707 1929 822 1948 versum
842 1920 897 1948 600
913 1921 1045 1956 plerique
1058 1921 1184 1948 editores
1198 1924 1381 1955 expungunt.
1401 1921 1502 1948 Malim
1516 1929 1632 1948 servare

532 1968 619 1995 verba
644 1967 693 2002 St,
719 1971 802 1995 tace
825 1967 930 2002 tace.)

616 2063 848 2096 Trinummus
873 2062 958 2097 1180
981 2063 1112 2106 (pater
1129 2062 1278 2106 pater):

416 2137 536 2170 ADUL.
563 2137 651 2175 Quis
675 2137 781 2170 homo
803 2138 876 2170 tam
899 2137 1120 2170 tumultuoso
1143 2137 1262 2170 sonitu
1287 2147 1344 2170 me
1362 2137 1492 2170 excivit
1510 2137 1633 2171 toras?

417 2193 581 2225 Aulcns.
603 2192 822 2225 Benevolens
838 2193 920 2225 tuos
936 2193 1043 2233 atque
1058 2192 1206 2226 amicus.
1225 2192 1345 2226 ADUL.
1367 2192 1490 2226 Satine
1505 2192 1632 2226 salve?

416 2300 488 2334 AM.
515 2300 636 2333 Recte:
661 2302 759 2333 tuom
782 2301 919 2342 patrem
942 2300 1090 2333 rediisse
1113 2300 1249 2333 salvom
1273 2310 1422 2344 peregre
1444 2247 1629 2344 gnafidneohh

414 2355 482 2387 AD.
517 2355 606 2393 Quis
629 2355 665 2387 id
689 2354 765 2387 ait'÷>
796 2355 868 2387 Au.
896 2355 983 2397 Ego.
1016 2355 1082 2387 AD.
1109 2355 1189 2387 Tun
1214 2355 1363 2388 vidisti?
1387 2356 1460 2389 Au.
1488 2356 1534 2389 Et
1556 2358 1635 2389 tute

1274 2409 1368 2442 idem
1392 2410 1515 2443 videas
1536 2410 1628 2443 licet.

414 2463 482 2496 An.
501 2462 662 2515 Opcter,
676 2464 793 2506 pater
801 2446 859 2505 mi,
874 2463 984 2496 salve.
1000 2463 1145 2496 PATER.
1163 2463 1269 2497 Salve
1277 2465 1441 2507 multum,
1453 2466 1560 2507 gnate
1569 2465 1629 2498 mi.

563 2536 756 2571 (Adulescens
781 2537 979 2573 perturbatus,
1003 2537 1127 2565 fortasse
1150 2538 1241 2566 etiam
1261 2547 1330 2566 cum
1350 2539 1470 2575 pudore,
1489 2540 1633 2575 loquitur,

525 2585 595 2620 quia
615 2587 697 2620 patre
715 2585 836 2613 absente
855 2585 973 2621 prodige
992 2585 1127 2621 vixerat.)

302 2660 328 2695 1)
365 2665 488 2689 accentu
509 2665 625 2690 mutato
644 2665 675 2690 et
693 2663 870 2698 quantitate.
