1932 3121
312 390 392 423 837.

313 444 394 478 838.

311 498 392 532 839.

313 1319 390 1353 363.

310 1428 391 1461 366.

312 1537 391 1570 367.

311 1647 391 1680 369.

312 1701 391 1734 370.

310 1755 391 1788 371.

311 1864 388 1896 372.

310 2000 388 2033 373.

309 2054 390 2087 374.

311 2163 389 2195 376.

312 2271 390 2303 378.
402 2290 412 2297 -

311 2380 388 2413 379.

310 2559 386 2591 711.

308 2666 387 2700 712.

980 285 1024 318 48

443 392 559 423 Meum
585 390 779 431 corculum,
807 389 1012 431 melculum,
1040 390 1236 423 vex-culum.
1263 392 1347 424 Vn..
1374 391 1475 424 Heus
1497 391 1549 431 tu,

754 443 859 485 Malo,
886 443 917 476 si
942 443 1051 485 sapis,
1078 442 1239 486 cavebis:
1270 461 1275 468 ·

443 499 555 532 Meast
579 499 677 532 haec.
706 498 799 531 sm«.
828 498 925 531 Scio:
950 498 1014 531 sed
1037 507 1140 531 meus
1163 498 1305 533 fructus
1328 502 1382 533 est
1405 499 1514 542 prior.

613 571 677 599 834.
717 572 809 599 Locus
828 574 993 606 corruptus.
1014 571 1148 599 Editores
1169 573 1257 600 verba
1275 574 1355 601 varie
1375 573 1539 600 diviserunt
1556 575 1587 599 et
1605 580 1685 599 com-

577 619 742 655 pleverunt.
761 618 863 655 Spatia
882 621 951 647 ante
971 621 1135 655 utrumque
1162 619 1215 647 ite
1239 622 1270 648 et
1288 623 1359 648 aute
1378 620 1506 648 alterum
1532 619 1604 647 inm
1618 619 1685 647 ‘Leo

576 668 705 702 explevit
730 666 791 695 ¹01..
812 667 881 695 Lvs.
902 667 975 694 PAR·
993 667 1191 702 interpositis;
1217 667 1357 696 Goetzius
1375 671 1407 695 et
1424 667 1588 695 Schoellius
1607 664 1685 694 ‘Lvs.

577 713 656 741 (λε’.
679 728 710 732 -
731 714 790 749 Ego
810 714 918 741 addere
939 713 1040 740 malim
1066 713 1138 740 iam
1164 721 1217 741 seu
1241 714 1404 749 iamiam,
1430 714 1473 741 ita
1492 716 1527 741 ut
1547 713 1613 741 ilat:
1633 713 1686 740 ite

577 761 659 795 iam,
694 761 747 788 ite
776 761 936 788 iamiam.
966 759 997 788 Si
1026 760 1070 788 itu
1096 760 1233 796 legimus,
1263 761 1392 789 alterum
1418 759 1530 788 ‘valete’
1556 768 1574 788 a
1592 760 1686 792 vilico,

574 808 702 835 alterum
723 816 741 835 a
759 816 829 835 sene
848 807 965 843 dicitur,
984 808 1037 843 qui
1056 807 1143 835 ambo
1161 808 1288 842 cupiunt
1306 810 1419 836 ceteros
1437 807 1526 835 abire.

618 854 664 882 vis
700 855 811 882 comica
847 855 937 882 liuius
971 855 1177 890 trepidationis
1205 858 1335 891 augetur
1363 864 1398 883 eo
1425 855 1503 891 quod
1532 855 1614 882 intus
1640 857 1686 881 est

576 902 706 937 armiger
731 902 870 930 muliebri
897 905 977 929 veste
1002 904 1134 930 ornatus.
1166 901 1261 938 Magis
1285 905 1441 938 augeatur.
1469 902 1494 929 si
1519 901 1607 929 verba
1632 901 1685 928 ite

577 949 649 976 iam
685 949 738 976 ite
774 949 924 977 iamiam
960 957 995 976 ex
1025 949 1154 976 formula
1182 949 1313 984 quad-m
1341 949 1445 977 sacrali
1475 951 1595 984 sumpta
1621 955 1685 976 esse

577 999 681 1030 putare
700 996 784 1023 nobis
803 997 898 1023 liceat.
918 995 975 1029 (Cf.
995 995 1046 1023 Ed.
1067 995 1195 1030 Norden,
1215 995 1300 1031 Ver-g.
1320 995 1391 1023 Aen.
1415 995 1459 1031 VI,
1480 1004 1506 1031 p.
1525 993 1603 1029 136.)

516 1091 730 1124 Mostellaria
755 1091 819 1124 373
846 1090 1144 1133 (Callidamates
1172 1089 1482 1132 Callidamatem:

479 1159 635 1187 363—372.
656 1160 763 1188 Tranio
776 1169 879 1188 servus
892 1168 960 1187 cum
975 1160 1146 1187 Philolache

442 1208 632 1235 adulescente
641 1208 782 1242 loquitur,
789 1208 841 1241 qui
850 1211 931 1242 patre
940 1208 1145 1242 peregrinante

444 1254 603 1281 bacchanal
623 1254 703 1280 domi
723 1254 801 1280 fecit.

442 1320 562 1352 ADUL.
589 1318 721 1361 †Adest
744 1320 955 1362 opsonium:
980 1329 1103 1352 eccum
1127 1319 1259 1352 Tranio
1283 1329 1304 1352 a
1328 1322 1433 1361 portu
1458 1319 1559 1352 redit.

443 1428 562 1461 SERV.
596 1428 711 1470 Pater,
745 1429 904 1470 inquam,
932 1431 1014 1461 tuos
1040 1429 1148 1461 venit.
1176 1429 1243 1461 AD.
1271 1428 1338 1462 Ubi
1362 1428 1393 1460 is
1416 1430 1480 1469 est,
1506 1426 1681 1461 obsecro?

1379 1482 1496 1516 SERv.
1523 1481 1680 1518 ..i-adest.

440 1537 506 1569 AD.
540 1537 628 1575 Quis
652 1537 688 1569 id
712 1536 789 1569 ait?
814 1537 903 1574 Quis
929 1536 1045 1569 vidit?
1073 1536 1194 1570 SERV.
1222 1537 1382 1579 Egomet,
1409 1530 1566 1578 inquam',
1595 1536 1680 1569 vidi.

1393 1591 1460 1624 AD.
1486 1591 1557 1623 Vae
1581 1590 1679 1624 mihi.

442 1670 1225 1680 ..............
1273 1645 1339 1677 An.
1366 1645 1495 1687 Occidi,

443 1700 481 1733 Si
505 1702 545 1732 tu
570 1710 653 1733 vera
679 1710 855 1733 memoras
918 1724 1638 1733 .............

439 1756 507 1788 AD.
541 1755 635 1793 Quid
666 1765 732 1797 ego
763 1765 859 1788 nunc
889 1754 1046 1788 faciam?
1082 1754 1201 1787 SERV.
1236 1753 1326 1786 Iube
1349 1754 1434 1786 haec
1458 1753 1540 1786 hinc
1562 1754 1682 1786 omnia

1490 1807 1678 1842 amolirier.

440 1864 529 1902 Quis
543 1865 622 1898 istic
638 1864 797 1898 dormit?
814 1865 881 1897 AD.
900 1864 1163 1898 Callidamates.
1185 1863 1326 1896 Suscita
1338 1863 1458 1905 istum,
1479 1862 1677 1905 Delphium.

502 1939 654 1973 (Meretrix
675 1939 897 1967 adulescentem
918 1939 1070 1974 crapulam
1091 1938 1304 1965 edormientem
1325 1937 1514 1973 alloquitur):

439 2001 667 2033 DELPHIUM.
700 1999 991 2041 Callidamates,
1024 1998 1303 2033 Callidamates
1326 1999 1432 2041 vigila
1491 2024 1499 2032 .
1551 2024 1559 2032 .
1609 2024 1618 2032 .
1670 2024 1679 2032 .

440 2054 568 2096 Vigila:
595 2056 695 2095 pater
718 2054 864 2087 advenit
888 2063 1036 2096 peregre
1061 2052 1285 2086 Philolachae
1315 2077 1619 2087 ......
1619 2090 1625 2098 ,
1669 2078 1677 2086 .

440 2163 606 2195 PHILOL.
634 2163 776 2201 Quaeso
800 2162 924 2203 edepol
935 2179 965 2202 ι,
993 2170 1164 2203 exsurge:
1189 2163 1290 2202 pater
1312 2161 1455 2194 advenit
1490 2186 1498 2194 .

439 2271 533 2308 Quid
549 2281 615 2313 ego
631 2281 736 2313 agam
748 2271 765 2303 ἓ
784 2271 888 2303 Pater
903 2270 972 2303 iam
991 2270 1048 2303 hic
1064 2279 1120 2302 me
1135 2270 1292 2303 offendet
1303 2271 1473 2303 miserum
1486 2270 1680 2304 adveniens

1523 2325 1676 2367 ebrium,

439 2379 545 2412 Aedis
569 2379 693 2421 plenas
717 2379 951 2411 convivarum
976 2380 1010 2411 et
1033 2378 1237 2412 mulierum.

739 2482 919 2515 Poenulus
945 2482 1008 2515 717
1035 2481 1123 2525 (aye
1146 2481 1250 2525 aye):

437 2559 558 2591 ADUL.
574 2557 668 2595 Quid
681 2556 760 2590 est?
774 2557 868 2596 Quid
883 2557 998 2599 voltis,
1014 2556 1149 2590 testes?
1163 2557 1535 2592 TESTESADVOCATI.
1552 2557 1680 2600 Specta

1410 2612 1454 2645 ad
1479 2612 1678 2645 dexteram:

436 2667 533 2700 Tuos
566 2676 691 2699 servos
720 2676 849 2699 aurum
874 2667 942 2708 ipsi
966 2667 1084 2699 lenoni
1108 2666 1219 2699 dabit.
1248 2665 1297 2708 (εν.
1314 2678 1343 2698 ut
1359 2666 1677 2718 vireumaneatur-leno.)
