1932 3121
965 267 1009 300 46

301 371 378 414 407.
429 371 585 404 Perdidit
608 380 756 413 pessum
778 372 875 405 dedit
897 372 961 404 tibi
985 371 1099 404 filium
1123 371 1228 404 unies
1251 372 1410 405 unicum.

300 424 379 459 408.
430 424 576 458 ΒΕΝΕΧ.
604 425 706 468 Heia,
733 425 842 468 Lyde,
869 425 994 459 leniter
1017 424 1080 467 qui
1104 424 1269 458 saeviunt
1293 425 1438 469 sapiunt
1461 426 1589 469 mag-is.

299 480 376 513 409.
426 480 547 512 Minus
571 480 821 522 mirandumst,
848 480 948 513 illaec
971 481 1070 513 aetas
1093 474 1124 512 si
1148 479 1236 521 quid
1258 480 1400 513 illorum
1424 480 1531 514 faeiat

299 534 376 568 410.
426 534 542 573 Quam
568 534 598 568 si
622 544 694 568 non
718 534 841 568 faeiat:
865 534 932 568 feei
954 543 1021 578 ego
1043 534 1152 568 istaec
1174 533 1296 567 itidem
1318 533 1356 568 in
1380 533 1631 569 adnleseentia.

299 590 377 623 411.
427 590 546 623 PAED.
572 589 625 622 Εἰ
648 588 757 630 milti,
784 588 820 623 ei
842 588 952 632 mihi,
979 589 1112 631 fistaeo
1135 590 1234 622 illum
1259 590 1412 631 perdidit
1435 592 1644 624 assentatio.

597 677 827 714 (Ind19nacior3e
845 686 915 706 cum
934 680 1145 714 desperatione
1164 678 1285 712 mixta.)

354 828 454 861 Miles
478 828 664 862 Gloriosus
687 829 753 862 415
779 828 830 872 (a.
859 827 1076 862 Palaestrio
1102 827 1329 871 Palaestrio,
1357 828 1390 862 h.
1419 827 1602 871 Sceledre,

613 881 796 917 Sceledre.
830 892 866 917 a.
895 883 968 916 veri
1003 882 1037 916 b.
1064 883 1137 916 fieti
1161 882 1353 926 stuporis):

462 973 556 1001 Versu
595 973 651 1001 415
689 973 854 1008 Sceledrus,
888 974 991 1001 militis
1025 981 1128 1000 servus

424 1020 538 1047 stultus
551 1024 582 1047 et
594 1021 825 1054 circumductus,
841 1028 910 1047 cum
928 1020 1127 1047 Palaestrione

424 1075 517 1101 servo,
546 1067 600 1102 qui
629 1075 698 1094 eum
730 1067 844 1100 fefellit,
874 1066 1015 1102 loquitur.
1052 1066 1128 1094 Dicit

424 1117 526 1141 autem
546 1114 803 1147 Philocomasium,
822 1114 948 1140 amicam
968 1113 1079 1147 militis,
1095 1114 1126 1140 in

424 1160 518 1188 altera
543 1169 579 1188 ex
598 1160 720 1188 aedibus
739 1160 866 1195 geminis
885 1167 916 1187 se
936 1159 1041 1187 vidisse
1060 1167 1125 1187 ain-

424 1208 604 1241 plectantem
624 1208 717 1234 alium
737 1207 967 1234 adulescentem.
988 1207 1070 1239 Quod
1087 1216 1124 1234 ne

422 1253 540 1280 domino
567 1254 694 1288 nuntiet,
721 1253 890 1288 Palaestrio,
911 1253 1024 1281 festivis
1050 1253 1125 1281 dolis

421 1299 511 1328 efficit
522 1300 703 1335 (271—410).
715 1300 792 1328 Tum
801 1301 865 1336 ipsa
875 1301 1121 1329 Philocomasium

421 1355 456 1374 ex
476 1348 599 1376 aedibus
617 1348 770 1384 egreditur
789 1348 912 1376 alterius
930 1348 1038 1376 sororis
1057 1356 1122 1383 per-

421 1402 523 1422 sonam
553 1403 654 1430 agens,
682 1399 713 1422 et
738 1395 824 1430 quasi
850 1403 944 1431 nuper
970 1395 1123 1423 advenerit

422 1442 537 1477 diisque
558 1445 675 1477 propter
686 1442 849 1470 adveutum
861 1442 1062 1470 sacrificatura
1075 1442 1122 1477 sit,

420 1488 558 1515 ancillam
578 1488 661 1516 iubet
680 1489 779 1523 ignem
800 1489 830 1516 in
851 1497 931 1516 aram
952 1494 1021 1517 ante
1034 1490 1122 1517 aedes

421 1535 545 1569 positam
564 1535 684 1562 inferre.

292 1614 370 1647 411.
423 1615 586 1648 PHILoo.
608 1615 698 1648 Inde
712 1616 832 1657 ignem
849 1615 885 1647 in
902 1625 1014 1657 aram,
1034 1617 1074 1648 ut
1090 1616 1266 1657 Ephesiae
1283 1616 1416 1648 Dianae
1430 1615 1521 1648 laeta
1536 1615 1663 1648 laudes

291 1669 370 1702 412.
419 1669 619 1711 Gratesque
646 1679 751 1712 agam
780 1670 884 1711 eique
913 1672 952 1702 ut
975 1670 1125 1703 Arabieo
1147 1670 1340 1703 fumificem
1364 1669 1474 1702 odore
1496 1678 1659 1701 amoene:

237 1721 239 1723 ’
291 1723 369 1756 413.
418 1723 518 1761 Quae
541 1733 598 1756 me
619 1724 656 1756 in
680 1724 766 1756 loeis
790 1724 978 1766 Neptuniis
1001 1725 1214 1766 templisque
1236 1724 1454 1757 turbulentis
1489 1720 1493 1725 '

290 1778 367 1809 414.
420 1777 596 1819 Servavit,
623 1778 741 1811 saevis
764 1778 935 1811 fluetibus
959 1778 1021 1810 ubi
1045 1787 1126 1810 sum
1150 1778 1330 1810 adflictata
1353 1777 1518 1809 multum.

290 1831 368 1864 415.
420 1831 535 1865 Sem..
562 1831 790 1874 Palaestrio,
818 1841 841 1865 0
859 1831 1088 1867 Palaestrio.
1116 1833 1205 1865 Pu..
1228 1831 1255 1865 0
1271 1830 1453 1873 Sceledre,
1474 1829 1656 1874 Sceledre,

1462 1885 1549 1925 quid
1573 1885 1659 1918 vis?

290 1939 367 1972 416.
420 1939 534 1972 Sem..
558 1940 656 1973 Haec
672 1940 800 1973 mulier
816 1949 909 1981 quae
925 1940 1009 1973 hine
1025 1939 1097 1972 exit
1113 1939 1218 1972 modo
1234 1940 1335 1972 estne
1349 1938 1445 1971 erilis
1460 1938 1659 1972 concubina

290 1993 368 2027 417.
418 1994 717 2027 Philoeomasium
734 2005 781 2028 an
798 2005 870 2027 non
886 1996 942 2027 est
957 2004 1011 2027 ea.
1036 1994 1126 2027 ΡΜ..
1146 1993 1273 2026 Hercle
1287 1993 1426 2035 opinor,
1445 2002 1485 2025 ea
1503 1993 1653 2026 videtur.

289 2048 368 2080 418.
420 2048 490 2080 Sed
524 2048 665 2081 facinus
701 2049 878 2090 mirumst,
915 2058 988 2090 quo
1022 2048 1127 2081 modo
1161 2048 1248 2081 haec
1270 2048 1366 2081 hine
1399 2048 1470 2081 huc
1504 2049 1660 2082 transire

1078 2123 1080 2125 v
1486 2103 1658 2144 potuerit:

288 2157 367 2189 419.
418 2157 457 2189 Si
488 2157 632 2198 quidem
663 2159 751 2189 east.
788 2157 901 2189 Scffl..
936 2158 990 2189 An
1021 2157 1171 2189 dubium
1202 2157 1301 2189 tibist
1330 2166 1408 2189 eam
1432 2166 1511 2189 esse
1533 2157 1656 2191 hane?

1308 2211 1396 2245 ΡΑΙ..
1423 2212 1476 2245 Ea
1499 2212 1653 2247 videtur.

287 2265 365 2299 420.
417 2265 533 2299 SCEL.
560 2266 752 2308 Adeamus,
778 2266 1008 2308 appellemus.
1037 2266 1149 2308 Heus,
1176 2265 1262 2308 quid
1286 2265 1379 2299 istuc
1400 2267 1465 2308 est,

1326 2320 1623 2354 Philocomasium
1634 2320 1655 2354 ἓ
1706 2344 1710 2348 -

285 2427 364 2461 428.
415 2453 423 2461 .
452 2453 460 2461 .
489 2454 498 2461 .
525 2453 533 2461 .
564 2428 678 2461 Sem..
713 2429 792 2462 Non
817 2439 883 2463 nos
907 2428 1067 2463 novisti?
1100 2429 1268 2469 PHILoc.
1294 2429 1466 2462 Neutrum
1492 2455 1650 2463 .....

285 2536 363 2570 441.
415 2535 529 2570 Sem..
556 2536 650 2576 Quid
675 2537 732 2571 hie
755 2537 818 2571 tibi
841 2537 876 2571 in
903 2538 1081 2581 Ephesost
1101 2536 1247 2581 negoti?
1273 2537 1437 2572 PHILoc.
1465 2538 1651 2573 Geminam

1304 2602 1511 2634 germanam
1535 2603 1650 2647 meam

283 2645 361 2678 442.
413 2645 481 2678 Hie
505 2655 663 2679 sororem
683 2656 763 2679 esse
781 2646 983 2680 indaudivi:
1009 2657 1087 2681 eam
1110 2647 1191 2681 veni
1211 2648 1412 2689 quaesitum
1417 2673 1650 2682 .......
