1932 3121
275 559 353 593 651.

275 667 353 701 652.

276 775 354 810 653.

277 884 353 919 654.

281 1201 377 1234 1082.

281 1308 378 1343 1083.

281 1417 379 1451 1084.

281 1947 358 1981 582.

282 2002 360 2036 583.

260 2088 262 2090 .
282 2057 360 2091 584.

236 2155 239 2158 ,
283 2111 359 2146 585.

283 2167 360 2201 586.

283 2275 360 2310 587.

283 2330 361 2364 588.

283 2384 359 2419 589.

284 2440 360 2475 590.
375 2434 386 2449 “

284 2494 360 2529 591.

284 2549 361 2583 592.

221 2615 223 2617 ’
284 2604 362 2638 593.

284 2658 360 2692 594.

986 96 1247 197 ’κ-Λ.

932 268 976 302 25

706 372 924 406 Menaechmi
947 372 1013 406 653
1038 371 1098 415 (tu
1122 371 1198 415 tu):

437 445 647 474 Menaechmus
665 446 678 475 1
696 447 870 476 adulescens
880 455 950 475 cum
964 449 1100 475 matrona

401 492 543 529 loquitur.

400 559 519 592 Αυσι..
546 558 635 597 Quis
657 560 689 593 is
711 551 987 594 Menachmust?
1012 561 1110 595 MAT.
1136 561 1190 594 Tu
1213 560 1303 611 istic,
1330 561 1488 603 inquam.

692 615 811 649 Anm..
838 615 989 659 Egone?
1013 616 1111 650 ΜΑΤ.
1137 616 1204 650 Tu.
1229 616 1348 649 Λυσι..
1376 616 1465 654 Quis
1489 613 1638 658 arguit?

401 668 500 701 ΜΑΤ.
517 668 678 711 Egomet.
697 669 926 703 PARASITUS.
948 670 994 703 Et
1009 679 1092 712 ego:
1109 671 1217 711 atque
1232 670 1316 703 huic
1331 670 1466 702 amicae
1479 669 1639 701 detulisti

926 723 1058 757 Erotio.
1086 723 1157 767 (scit.
1169 732 1276 761 pallam
1291 735 1434 756 matronae
1447 721 1633 765 subreptam).

401 777 521 810 Λυσι..
548 777 651 820 Egon
674 778 783 811 dedi?
816 779 911 812 ΜΔΤ.
941 778 1007 822 Tu,
1035 780 1078 813 tu
1099 779 1189 820 istic,
1216 779 1376 820 inquam.
1404 779 1542 811 PARAS.
1569 778 1638 810 Vin

1297 832 1431 866 adferri
1455 833 1635 873 noctuam,

402 884 502 924 Quae
528 885 583 920 ‘tu
607 886 662 920 tu’
686 896 801 929 usque
823 888 916 922 dicat
938 878 1029 922 tibi?
1053 888 1143 921 Nam
1167 897 1244 921 nos
1256 888 1327 920 iam
1347 887 1477 921 defessi
1493 896 1636 920 sumus.

1590 960 1690 1000 ”N

629 1014 728 1048 Miles
751 1015 934 1062 Gloriosus
959 1016 1043 1050 1084
1069 1015 1282 1060 (iamiam):

464 1088 548 1116 Miles
557 1097 626 1117 cum
636 1089 742 1117 ancilla
751 1090 891 1125 loquitur,
901 1098 978 1125 quae
987 1098 1101 1118 amores
1156 1115 1160 1120 .

434 1136 537 1163 militis
557 1136 649 1171 poscit
667 1145 718 1171 pro
737 1144 788 1164 era
806 1145 868 1164 sua.

427 1202 517 1235 Μιι..
551 1202 740 1235 Postriduo
770 1205 877 1236 natus
905 1213 985 1239 sum
1008 1213 1084 1246 ego,
1111 1204 1249 1246 mulier,
1276 1201 1385 1245 quam
1408 1203 1570 1246 Iuppiter
1592 1212 1637 1236 ex

1401 1257 1478 1299 Ope
1499 1259 1633 1290 natust.

430 1309 598 1344 SERVUS.
633 1310 672 1344 Si
694 1310 751 1344 hic
773 1310 886 1353 pridie
908 1312 1014 1344 natus
1037 1311 1128 1345 foret
1150 1321 1259 1354 quam
1282 1311 1384 1353 illest,
1411 1311 1468 1345 hic
1491 1311 1639 1344 haberet

1291 1375 1444 1408 regnum
1466 1366 1503 1398 in
1527 1366 1633 1399 caelo.

427 1418 517 1452 ANC.
525 1417 694 1452 Iamiam
702 1420 757 1452 sat
765 1419 937 1452 amabost:
945 1419 1049 1452 sinite
1055 1419 1189 1459 abeam,
1198 1419 1229 1452 si
1237 1428 1395 1461 possum,
1404 1419 1486 1453 viva
1494 1429 1515 1453 a
1525 1419 1639 1453 vobis.

577 1492 728 1527 (Ludibrio
748 1492 861 1527 mixto.)

491 1614 722 1646 Trinummus
745 1614 810 1647 590
835 1613 866 1656 (i
888 1613 1016 1655 modo,
1042 1613 1058 1646 i
1080 1613 1208 1655 modo,
1235 1612 1251 1645 i
1273 1613 1424 1656 modo):

444 1693 554 1722 Servus
562 1702 630 1722 cum
641 1694 829 1723 adulescente
838 1702 887 1722 ero
897 1702 950 1722 suo
960 1694 1101 1730 loquitur,

406 1741 454 1768 cui
466 1741 501 1768 de
510 1749 542 1768 re
553 1741 691 1768 familiari
697 1741 772 1768 nihil
778 1741 926 1776 reliquum
934 1744 980 1768 est
986 1745 1101 1776 praeter

408 1795 502 1815 unum
521 1795 637 1823 agrum,
656 1796 746 1823 quem
764 1788 856 1816 sorori
874 1787 973 1815 dotem
986 1788 1056 1815 dare
1068 1787 1100 1815 in

406 1834 505 1862 animo
533 1834 632 1869 habet,
660 1833 689 1862 id
719 1835 797 1869 quod
822 1843 923 1862 servus
948 1835 1100 1870 prohibere

407 1884 540 1909 conatur.

407 1948 525 1981 Λυσι..
552 1946 631 1990 †Tu
653 1948 745 1981 istuc
767 1957 853 1981 cura
876 1948 971 1989 quod
993 1947 1098 1987 iussi;
1122 1956 1189 1989 ego
1211 1948 1281 1980 iam
1305 1948 1363 1980 hic
1385 1957 1458 1981 ero.

409 2002 471 2035 Dic
495 2002 627 2036 Callicli
650 2012 706 2035 me
728 2004 768 2035 ut
791 2002 986 2036 conveniat.
1016 2001 1134 2034 SERV.
1162 2001 1257 2040 Quin
1280 2004 1320 2035 tu
1343 2002 1355 2035 i
1378 2003 1495 2036 modo.

407 2058 527 2091 Αυσι..
555 2058 605 2090 De
626 2058 708 2091 dote
729 2059 770 2090 ut
792 2057 908 2090 videat
926 2056 1013 2098 quid
1028 2063 1120 2097 opus
1136 2056 1182 2088 sit
1197 2056 1301 2089 facto.
1332 2056 1451 2090 SERV.
1479 2058 1497 2090 I
1520 2059 1639 2092 modo.

411 2112 526 2145 Αυσι..
542 2112 632 2144 Nam
643 2113 813 2145 certumst
821 2111 898 2145 sine
905 2111 986 2144 dote
993 2110 1090 2143 haud
1098 2110 1196 2143 dare.
1213 2110 1332 2143 SERV.
1348 2111 1444 2150 Quin
1452 2113 1640 2147 tuimodo.

407 2168 527 2201 Λυσι..
558 2167 680 2209 Neque
702 2168 795 2200 enim
818 2167 867 2200 illi
892 2166 941 2209 (sc.
956 2174 1050 2204 amico,
1069 2174 1173 2198 ammae
1188 2165 1288 2207 fram)
1313 2166 1446 2200 damno
1468 2177 1643 2209 umquam

975 2229 1055 2253 esse
1077 2220 1192 2262 patiar
1215 2236 1259 2243 -—-
1285 2220 1405 2254 SERV.
1433 2221 1499 2254 Abi
1522 2222 1640 2256 modo.

408 2276 527 2310 Λυσι..
555 2276 669 2309 Meam
693 2275 959 2319 neglegentiam.
989 2274 1108 2308 SERV.
1135 2274 1154 2307 1
1177 2275 1283 2308 modo
1306 2274 1352 2318 †o
1375 2277 1476 2317 pater

408 2331 527 2363 Λυσι..
551 2331 708 2372 Aequom
725 2330 865 2362 videtur
880 2329 967 2371 quin
983 2329 1080 2370 quod
1095 2329 1270 2370 peccarim
1286 2347 1330 2352 —
1349 2329 1470 2363 SERV.
1489 2331 1507 2363 1
1523 2331 1640 2364 modo.

408 2384 529 2418 Αυσι..
545 2384 773 2418 Potissimum
785 2383 872 2417 mihi
881 2382 919 2423 id
931 2383 1036 2427 opsit.
1055 2381 1174 2417 SERV.
1190 2382 1208 2416 I
1221 2383 1338 2417 modo.
1354 2383 1473 2421 Λυσι..
1489 2383 1643 2428 Opater,

409 2440 638 2482 Enumquam
661 2439 829 2482 aspiciam
852 2437 914 2472 te?
941 2437 1062 2472 SERV.
1086 2437 1114 2471 I
1126 2437 1256 2481 modo,
1291 2437 1449 2481 imodo,
1476 2438 1492 2472 i
1511 2439 1643 2474 modo.

409 2494 566 2527 Tandem
590 2494 777 2537 impetravi
798 2493 921 2527 abiret.
950 2493 992 2525 Di
1015 2494 1174 2526 vostram
1196 2493 1317 2536 fidem,

410 2548 545 2591 Edepol
567 2558 606 2582 re
629 2550 728 2591 gesta
750 2556 917 2591 pessume
939 2548 1075 2590 gestam
1099 2547 1211 2589 probe

412 2604 452 2641 Si
475 2604 618 2646 quidem
641 2613 726 2646 ager
748 2603 851 2636 nobis
875 2602 993 2635 salvos
1016 2604 1095 2635 cst:
1119 2603 1186 2636 etsi
1209 2603 1402 2636 admodum

409 2658 453 2691 In
477 2658 680 2701 ambiguost
702 2658 806 2691 etiam
830 2666 926 2690 nunc
950 2656 1037 2698 quid
1059 2666 1100 2690 ea
1124 2667 1163 2690 re
1185 2657 1273 2691 fuat.
