1932 3121
929 289 972 324 69

268 399 343 441 fiat,
365 399 472 440 auget
487 395 715 437 incenditque
729 393 847 428 rem”.
872 394 999 436 Aquila
1018 394 1203 427 Romanus
1221 393 1286 436 (n0.
1307 392 1343 434 2)
1361 393 1633 436 geminationem

268 452 304 484 id
324 451 421 493 quod
440 449 664 492 significatur
680 447 925 487 vehementius
940 446 1082 480 efficere
1096 447 1191 488 dicit,
1210 457 1365 488 quocum
1382 447 1456 479 fere
1471 447 1635 489 congruit

269 504 455 538 Charisius
488 502 555 546 (n0.
590 501 626 544 6)
657 503 692 535 et
722 500 922 534 Martianus
953 500 1094 543 Capella
1127 499 1193 543 (n0.
1222 499 1270 542 9).
1307 500 1374 533 Hic
1396 500 1481 533 libet
1503 499 1634 533 addere

268 568 361 600 quae
390 558 484 591 idem
516 556 702 590 Charisius
732 555 876 597 scripsit
905 555 950 588 de
971 555 1212 589 interiectione
1222 556 1264 597 1),
1300 555 1362 587 ubi
1385 554 1635 588 animadvertit

266 611 526 644 interiectiones
549 610 700 642 affectus
724 609 833 641 animi
856 609 1059 651 significare
1081 610 1167 641 etin
1183 609 1353 651 exemplis
1369 609 1485 641 allatis
1501 609 1633 640 multas

266 665 521 708 geminationes
557 663 674 697 attulit
692 662 735 706 2),
770 672 861 705 quas
899 664 1007 706 repeti
1038 673 1119 697 cum
1149 665 1283 706 impetu
1314 663 1628 706 pronuntiationis,

266 721 288 752 i.
314 729 345 752 e.
379 718 653 752 asseverationis
693 718 951 760 significatione
988 719 1083 760 dicit,
1120 719 1169 751 ita
1204 724 1243 751 ut
1278 719 1444 760 quamvis
1479 718 1633 750 fortasse

265 773 474 815 imprudens
497 772 667 813 impetum
692 772 992 813 pronuntiationis
1015 782 1096 805 cum
1120 773 1229 805 animi
1252 772 1441 805 affectibus
1462 771 1630 804 coniunc-

265 831 341 860 tum
365 836 444 860 esse
466 826 570 859 dicat.
1162 856 1166 860 ,

311 881 426 915 Ceteri
457 881 620 914 auctores
651 880 738 912 nihil
769 880 813 913 de
843 881 879 912 vi
902 881 1150 923 geminationis
1174 881 1307 923 dicunt,
1335 881 1397 913 sed
1421 882 1561 913 tantum
1585 880 1631 912 de

264 936 383 977 figura
405 935 636 977 grammatica
652 936 687 967 et
702 934 876 968 rhetorica
891 935 1157 968 observationes
1173 935 1371 977 proferunt.
1389 935 1445 967 Ex
1460 934 1628 967 omnibus

264 989 333 1021 illis
353 988 725 1021 animadversionibus
745 988 812 1021 hoc
829 988 1003 1030 imprimis
1024 989 1258 1032 colligendum
1281 992 1335 1022 est
1351 989 1489 1021 nullum
1505 997 1626 1031 gram-

265 1043 432 1076 maticum
448 1042 485 1075 in
502 1042 739 1085 geminatione
755 1043 827 1076 vim
842 1043 1143 1085 multiplicativam
1155 1043 1355 1077 iterativam
1368 1043 1626 1076 deminutivam

263 1097 444 1130 invenisse
477 1097 585 1138 idque
619 1106 691 1129 non
727 1097 841 1129 solum
877 1106 921 1130 ex
955 1098 1081 1131 Plauto
1112 1091 1147 1131 et
1178 1098 1341 1131 Terentio
1371 1098 1434 1130 sed
1465 1091 1625 1130 omnium

263 1154 448 1185 auctorum
474 1154 634 1184 veterum
656 1150 824 1193 operibus
847 1152 1016 1193 exemplis
1040 1152 1186 1185 collatis.

309 1205 380 1238 Nec
404 1205 524 1237 minus
547 1205 614 1238 hoc
636 1201 904 1238 observandum
924 1208 978 1238 est
997 1207 1257 1248 grammaticos,
1281 1216 1345 1239 nec
1364 1206 1506 1246 mirum,
1529 1205 1625 1238 illam

263 1259 491 1292 artificiosam
527 1259 728 1301 opinionem
762 1259 806 1292 de
835 1268 876 1292 ea
907 1269 946 1292 re
975 1269 1082 1301 quam
1116 1258 1294 1302 linquam
1326 1260 1381 1292 vel
1411 1268 1625 1293 sermonem

263 1323 391 1347 vocare
421 1313 588 1355 solemus,
624 1316 823 1356 perceptam
850 1314 999 1356 tradere,
1027 1324 1119 1356 quae
1140 1314 1249 1348 efficit
1272 1317 1312 1347 ut
1335 1315 1422 1347 haec
1444 1312 1623 1356 legamus:

262 1368 428 1410 „iteratio
447 1368 524 1410 vult
540 1367 686 1401 efficere
702 1368 984 1415 vehementius’',
1005 1367 1200 1411 ,ἐνέργειαν
1216 1367 1254 1401 τὸ
1270 1371 1389 1412 σχῆμα
1405 1366 1623 1411 ἐργάζεται”,

262 1422 395 1464 quibus
428 1422 650 1455 Wernickius
680 1424 773 1455 recte
802 1423 849 1455 ita
880 1423 1102 1456 contradicit:
1128 1423 1348 1466 „geminatio
1371 1423 1559 1456 adhibetur
1583 1425 1624 1455 ut

260 1487 301 1509 ea
324 1477 425 1518 fiant,
453 1486 525 1509 non
548 1477 626 1518 ipsa
649 1477 756 1509 efficit
767 1476 809 1518 ³).

305 1532 350 1564 Ut
374 1531 533 1563 rhetores
557 1531 793 1573 geminatione
811 1531 1014 1573 ‘energiam’
1033 1531 1204 1565 effectam
1219 1541 1298 1564 esse
1314 1532 1528 1573 putaverint,
1549 1540 1621 1563 non

260 1586 337 1618 sine
360 1585 475 1627 specie
498 1585 650 1618 conicias
673 1595 733 1618 eos
757 1585 945 1626 perductos
968 1595 1048 1618 esse
1069 1586 1317 1618 observatione
1340 1595 1558 1627 quamquam
1574 1584 1621 1617 ab

258 1640 302 1672 iis
338 1649 411 1672 non
448 1639 566 1671 verbis
600 1649 779 1681 expressa,
817 1639 969 1674 maxime
1002 1640 1039 1671 in
1067 1649 1129 1672 ore
1159 1640 1329 1681 virorum,
1364 1640 1475 1672 multo
1506 1639 1621 1680 magis

258 1703 367 1735 quam
397 1693 434 1726 in
465 1704 527 1727 ore
557 1694 743 1727 mulierum
776 1693 1030 1736 geminationes
1061 1704 1082 1727 a
1111 1694 1223 1736 poetis
1247 1694 1381 1736 positas
1405 1703 1495 1735 esse,
1521 1692 1619 1735 quod

258 1758 382 1782 revera
412 1749 461 1781 ita
492 1758 571 1782 esse
600 1752 634 1781 et
665 1758 731 1782 nos
760 1749 1031 1782 observavimus
1064 1749 1124 1792 (cf.
1151 1759 1185 1791 p.
1213 1749 1255 1782 63
1279 1750 1323 1782 al.
1353 1748 1386 1791 1)
1420 1749 1519 1781 Sicut
1543 1757 1618 1780 sae-

257 1803 404 1844 pissime
426 1806 619 1837 occurrunt
641 1805 678 1836 in
701 1813 763 1837 ore
782 1803 1072 1846 adulescentium,
1091 1804 1113 1836 i.
1132 1813 1162 1837 e.
1181 1804 1218 1837 in
1235 1806 1349 1837 aetate
1363 1803 1618 1837 acerrimarum

257 1858 465 1900 cupidinum
476 1858 506 1901 4)
539 1859 647 1900 inque
676 1868 738 1891 ore
769 1868 965 1900 servorum,
991 1858 1014 1890 i.
1041 1868 1071 1891 e.
1097 1859 1224 1891 horum
1257 1858 1472 1899 adiuturum,
1498 1860 1533 1890 et
1556 1857 1617 1889 ubi

257 1922 360 1946 senes
384 1913 571 1956 prodeunt,
598 1913 804 1956 saepissime
826 1913 862 1946 in
885 1922 947 1946 ore
969 1913 1065 1946 senis
1088 1913 1188 1946 avari
1212 1922 1324 1955 paene
1346 1912 1508 1946 amentis.

302 1967 426 2010 Colligi
459 1978 602 2009 quoque
623 1968 709 2001 licet
739 1978 783 2000 ex
813 1958 853 2000 eo
884 1967 980 2009 quod
1010 1968 1132 2009 plures
1163 1967 1419 2009 geminationes
1449 1967 1617 1999 oriuntur

255 2030 299 2053 ex
340 2021 384 2053 iis
425 2022 534 2054 animi
576 2021 764 2054 affectibus
802 2022 865 2063 qui
899 2022 1088 2054 maximam
1127 2021 1331 2064 ‘energiam'
1368 2021 1538 2061 indicant,
1576 2022 1617 2052 ut

255 2075 510 2118 indignatione,
526 2076 808 2118 exprobratione,
824 2074 1071 2118 affirmatione,
1085 2076 1362 2118 perturbatione,
1378 2076 1498 2108 minus
1511 2084 1618 2117 saepe

254 2129 442 2162 affectibus
473 2130 582 2162 animi
615 2131 719 2171 grati,
746 2130 1000 2171 admirationis,
1026 2130 1294 2170 adhortationis,
1321 2133 1355 2162 et
1386 2139 1430 2162 ex
1453 2139 1495 2161 eo
1518 2129 1617 2170 quod

290 2301 315 2335 1)
354 2301 465 2330 Charis.
488 2302 521 2337 ΙΙ,
540 2302 619 2337 xvl;
640 2303 660 2337 Ι,
680 2301 827 2330 238—242
848 2303 919 2330 Keil.

290 2349 316 2380 2)
353 2350 427 2377 Item
448 2348 648 2382 Cominianus,
668 2350 835 2384 Palaemon,
854 2350 947 2377 Iulius
967 2350 1117 2377 Romanus
1136 2358 1153 2376 a
1172 2349 1304 2377 charisio
1324 2350 1453 2378 adducti.

289 2395 315 2429 3)
353 2396 372 2423 l.
392 2397 411 2423 l.
430 2404 497 2431 pars
516 2396 538 2431 1,
558 2404 585 2431 p.
605 2395 631 2423 5.

288 2441 314 2476 4)
353 2443 446 2471 Usum
471 2443 707 2478 geminationum
730 2452 797 2472 cum
818 2443 947 2471 moribus
966 2451 1024 2470 non
1045 2444 1144 2471 miuus
1162 2452 1254 2479 quam
1273 2452 1342 2472 cum
1362 2448 1459 2472 aetate
1479 2445 1543 2472 eius
1561 2445 1614 2480 qui

251 2489 288 2517 iis
314 2490 410 2517 utitur
435 2498 598 2526 congruere
623 2492 695 2518 satis
720 2491 905 2519 luculentum
925 2491 1093 2525 exemplum
1114 2491 1257 2525 praebent
1275 2491 1334 2519 duo
1356 2492 1407 2519 viri
1427 2492 1504 2519 docti
1525 2492 1615 2519 huius

250 2535 391 2571 temporis
416 2536 452 2564 de
481 2537 594 2573 Lingua
618 2538 779 2567 scribentes
804 2538 965 2567 Wundtius
990 2541 1021 2565 et
1045 2537 1103 2565 Jac.
1125 2546 1180 2566 van
1200 2537 1366 2566 Ginneken.
1386 2539 1420 2566 ln
1439 2539 1513 2567 libro
1532 2539 1613 2566 enim

250 2583 363 2618 prioris,
381 2584 433 2619 qui
452 2585 511 2612 iam
531 2590 668 2620 provecta
685 2589 784 2613 aetate
803 2585 910 2613 librum
931 2593 1019 2612 suum
1038 2585 1264 2613 celeberrimum
1283 2587 1400 2621 scripsit
1413 2585 1486 2614 1339
1500 2587 1615 2622 paginis

250 2630 334 2656 nulla
358 2631 519 2664 geminatio
545 2632 663 2667 legitur,
688 2641 757 2660 cum
781 2621 813 2659 in
839 2633 912 2659 libro
936 2632 1067 2666 alterius,
1093 2632 1217 2666 iuvenis,
1236 2632 1291 2659 559
1318 2633 1432 2668 paginis
1457 2634 1612 2660 duodecim

249 2677 464 2711 geminationes
483 2679 632 2713 leguntur.
900 2675 903 2678 ⁴
