1932 3121
302 644 419 680 Hunc
459 643 630 679 libellum
671 643 714 678 in
756 643 875 679 lucem
917 643 1126 680 emissurus
1172 644 1333 680 libenter
1375 644 1616 679 occasionem

257 718 408 762 arripio
438 718 592 762 qratias
614 717 758 762 aqendi
782 717 854 752 tibi
876 717 1088 753 clarissime
1111 727 1188 752 vm
1213 720 1500 761 WAGENINGEN,
1521 728 1615 761 pro-

257 793 385 827 motor
414 791 747 834 aestumatissime,
779 801 857 835 pro
891 791 1031 826 eximia
1064 792 1244 827 comitate
1278 803 1359 836 qua
1390 792 1616 827 tirocinium

257 875 384 900 meum
414 864 604 900 adiuvisti
633 866 669 899 et
699 864 889 899 auxilium
919 864 1018 899 mibi
1041 865 1260 908 praebuisti
1282 865 1325 900 in
1349 866 1614 909 componendo

255 939 327 974 hoc
349 939 545 983 opusculo.
577 938 665 980 Qua
680 926 926 973 humanitate
940 938 1040 973 hunc
1056 939 1231 973 libellum'
1240 939 1381 974 foveris
1395 949 1614 983 numquam

257 1012 473 1048 obliviscar.

308 1086 420 1122 Vobis
450 1088 580 1121 autem
603 1086 813 1121 clarissimi
835 1088 1042 1132 VOLLGRAF
1066 1088 1102 1121 et
1124 1069 1236 1120 1361st
1258 1087 1412 1131 qratias
1435 1098 1511 1131 ayo
1533 1098 1612 1131 pro

257 1160 517 1211 benevolentia
541 1170 660 1204 quam
684 1159 782 1194 mihi
798 1159 1068 1204 praestitistis.

307 1234 407 1269 Viris
437 1244 590 1278 quoque
617 1233 845 1269 clarissimis
867 1235 1119 1277 B01ssnvun,
1146 1234 1226 1269 iam
1249 1234 1609 1279 Amstelodamensi,

257 1310 453 1342 HEYMANS
478 1308 651 1350 SYMONS‚
680 1317 847 1351 quorum
871 1307 1096 1341 lectionibus
1119 1307 1268 1342 diutius
1286 1308 1436 1342 brevius
1451 1308 1613 1343 interfui

258 1382 522 1417 testimonium
546 1381 672 1416 animi
686 1381 794 1426 yrati
803 1382 955 1422 .offero,·
969 1392 1036 1416 nec
1051 1382 1180 1417 minus
1195 1382 1405 1417 clarissime
1420 1384 1612 1418 MATTHES

257 1443 340 1499 tibi,
374 1456 455 1490 iam
485 1456 583 1491 rude
613 1456 771 1499 donato,
807 1456 878 1501 qui
907 1456 950 1491 in
986 1456 1236 1491 Universitate
1259 1457 1611 1492 Amstelodamensi

256 1540 389 1564 amore
430 1530 588 1574 linquae
629 1530 843 1564 Hebraicae
883 1540 943 1564 me
983 1530 1168 1573 imbuisti,
1210 1532 1245 1564 et
1287 1531 1359 1564 tibi
1400 1531 1613 1565 clarissime

258 1604 468 1638 SALvssRnA
491 1612 543 1637 nn
567 1604 703 1638 GRAVE
728 1603 855 1638 multa
877 1614 936 1638 me
959 1603 1090 1638 debere
1105 1603 1308 1648 profiteor.

309 1678 424 1712 Valde
458 1679 588 1712 autem
624 1678 735 1712 doleo
766 1688 827 1712 me
855 1677 940 1711 viro
971 1677 1183 1712 clarissimo
1212 1679 1439 1711 HERMANNO
1464 1679 1608 1722 POLAK,

251 1752 496 1796 praeceptori
511 1751 723 1795 carissimo,
740 1751 825 1786 vivo
842 1752 924 1786 iam
940 1751 1091 1796 qratias
1109 1751 1258 1786 debitas
1269 1761 1382 1795 aqere
1393 1761 1474 1786 non
1480 1762 1608 1796 posse.
1683 1778 1689 1782 -

261 1826 375 1868 Quod
398 1828 526 1861 autem
550 1825 634 1860 vivo
658 1836 738 1860 non
756 1836 930 1869 possum,
957 1825 1140 1872 manibus
1158 1825 1240 1860 eius
1263 1825 1423 1860 libenter
1444 1826 1564 1861 solvo.

300 1900 433 1934 Etiam
483 1899 703 1934 comitatem
754 1900 919 1934 modesti
968 1901 1006 1933 et
1049 1899 1230 1933 amabilis
1275 1898 1352 1932 viri
1399 1899 1612 1934 clarissimi

257 1982 333 2008 VAN
365 1982 443 2008 DEN
475 1975 566 2007 HAM
598 1975 722 2008 morte
751 1973 888 2008 acerba
917 1973 997 2007 iam
1027 1972 1138 2007 nobis
1167 1972 1288 2016 erepti
1316 1978 1466 2016 semper
1495 1975 1611 2017 yrato

256 2046 389 2080 animo
411 2046 653 2080 recordabor.
1149 2041 1151 2043 ’

300 2121 509 2164 Postremo,
546 2120 778 2155 amicissime
816 2121 961 2165 colleya
1002 2120 1164 2162 SMILDA,
1203 2120 1311 2163 quod
1351 2122 1393 2154 tu
1427 2130 1506 2164 pro
1544 2123 1614 2155 tua

255 2194 447 2229 modestia
470 2204 529 2229 me
550 2195 774 2246 facere-non
797 2194 916 2239 cupis,
942 2183 1002 2228 me
1022 2195 1160 2238 yratus
1182 2193 1342 2228 animus
1357 2194 1480 2230 facere
1495 2195 1609 2239 coyit,
1667 2229 1669 2231 ,

196 2268 199 2269 ’
228 2268 232 2271 ’
255 2270 300 2302 ut
329 2269 400 2303 hoc
431 2270 512 2304 loco
541 2270 759 2314 proloquar
790 2279 906 2314 quam
939 2269 1029 2303 bene
1057 2268 1255 2312 sinyulari
1281 2271 1349 2303 tua
1373 2269 1555 2304 doctrina
1578 2272 1614 2304 et

256 2342 385 2377 officio
410 2343 457 2377 de
479 2353 538 2377 me
561 2345 597 2377 et
620 2343 667 2378 de
690 2343 817 2378 libello
841 2353 923 2377 meo
947 2342 1140 2376 merueris.
