1932 3121
891 298 994 336 ,89

334 402 492 435 Alterum
513 401 734 442 ,deminuens
762 410 794 434 e.
820 410 857 443 g.
891 400 1006 434 Plaut.
1041 400 1113 433 Mil.
1149 401 1250 434 1024:
1273 410 1346 444 aye
1368 410 1450 444 aye,
1477 403 1518 433 nt
1540 401 1651 434 lubet.

333 456 474 490 Terent.
501 455 632 489 Heaut.
657 455 748 488 Tim.
773 454 856 489 332:
880 464 953 498 aye
974 464 1057 498 aye,
1083 455 1170 489 cedo
1183 456 1277 489 istuc
1293 458 1392 488 tuom
1409 455 1595 488 consilium
1608 455 1649 496 ¹).

334 510 378 543 In
408 510 532 552 lingua
546 531 548 533 >
561 509 693 551 scripta
724 511 878 543 mentem
908 512 943 543 et
973 518 1103 543 sonum
1134 510 1232 543 vocis
1262 510 1341 542 eius
1368 510 1431 551 qui
1453 510 1611 551 loquitur
1634 519 1654 542 e

289 566 456 598 contextu
493 573 619 598 eruere
654 564 837 608 debemus,
878 565 941 598 sed
979 565 1066 599 haec
1103 565 1226 599 eadem
1261 574 1369 607 opera
1404 564 1565 598 facienda
1599 567 1654 597 est

288 619 326 651 in
360 619 556 653 tractandis
589 619 789 653 rationibus
822 620 956 661 quibus
990 629 1108 653 sermo
1141 620 1255 653 utitur
1284 620 1330 652 ad
1361 619 1471 652 animi
1502 620 1653 652 affectus

288 672 549 716 exprimendos,
569 683 685 716 neque
699 684 872 717 umquam
889 674 997 708 nudis
1014 674 1132 708 verbis
1148 674 1348 708 observatis
1364 683 1489 707 verum
1501 674 1648 707 erueris.

288 726 412 769 Neque
433 727 566 762 habent
589 728 698 763 verba
722 738 786 771 per
804 739 844 762 se
862 731 934 762 tam
950 731 1081 763 certam
1098 731 1133 762 et
1148 729 1454 770 circumscriptam
1474 728 1651 770 significa-

288 781 419 815 tion'em
460 791 570 824 quam
607 783 719 816 lexica
752 784 787 816 et
820 792 881 816 ars
915 783 1064 816 docendi
1098 783 1270 825 praebent
1304 785 1338 815 et
1373 784 1413 815 ut
1447 782 1652 821 hominibus

287 835 488 878 legentibus
516 839 552 870 et
581 837 767 879 discipulis
796 839 960 871 occurrat
982 837 1144 871 efficiunt
1155 837 1198 879 2).
1233 838 1276 870 In
1300 837 1423 879 lingua
1448 837 1588 882 Belgica
1613 839 1653 869 ut

288 899 362 923 uno
383 890 480 924 claro
502 893 537 924 et
559 891 738 925 luculento
760 892 922 934 exemplo
943 893 1037 933 utar,
1056 893 1152 924 extat
1167 891 1378 924 adverbium
1393 890 1650 924 affirmativum

280 944 340 987 ja,
361 945 471 986 equod
493 947 612 979 tamen
636 946 833 988 suspiciose
854 946 989 979 dictum
1012 946 1120 978 simul
1143 946 1277 978 umeris
1301 946 1476 987 labiisque
1500 945 1650 978 sublatis

287 1000 322 1031 et
343 999 461 1032 fronte
483 1001 664 1033 contracta
686 1000 779 1042 idem
802 1000 957 1033 auditori
980 1000 1073 1033 valet
1095 1002 1204 1042 atque
1227 1000 1433 1042 negativum
1455 1009 1532 1033 nee.

332 1053 493 1086 Vidimus
523 1054 655 1087 multos
686 1054 783 1087 viros
809 1055 932 1087 doctos
956 1064 1176 1096 quamquam
1199 1051 1472 1097 geminationem
1496 1055 1648 1087 maxima

287 1116 331 1139 ex
365 1110 466 1149 parte
498 1106 772 1142 affirmationem
801 1118 882 1142 esse
911 1111 1140 1151 putaverunt,
1174 1111 1291 1142 tamen
1323 1108 1541 1141 concessisse
1569 1117 1648 1140 eem

288 1165 559 1204 nonnumquam
593 1163 665 1195 vim
699 1163 955 1196 deminutivum
991 1163 1132 1196 habere.
1170 1163 1248 1196 Etsi
1282 1163 1352 1195 iam
1383 1163 1649 1195 demonstrasse

287 1215 373 1249 mihi
404 1216 526 1250 videor
557 1217 700 1250 minime
729 1217 775 1250 ad
806 1217 899 1251 hanc
928 1217 1195 1259 explicationem
1223 1217 1484 1250 decurrendum
1512 1225 1592 1249 esse
1613 1218 1648 1248 et

286 1271 405 1304 omnia
439 1271 551 1304 multo
584 1272 710 1305 melius
744 1272 923 1314 explicari,
961 1272 992 1305 si
1016 1282 1070 1305 ,ex
1104 1282 1177 1305 una
1207 1272 1343 1305 ratione
1372 1270 1647 1305 asseverationis

286 1321 558 1367 proficiscimur,
583 1328 701 1360 tamen
725 1327 842 1360 facere
864 1334 935 1361 non
959 1337 1107 1370 possum
1126 1328 1213 1370 qm'n
1229 1328 1401 1370 indagare
1415 1336 1532 1368 coner,
1559 1325 1646 1367 quid

286 1380 342 1412 his
366 1381 571 1413 hominibus
594 1381 768 1414 acuminis
791 1381 906 1423 plenis
929 1383 1146 1424 persuaserit
1169 1384 1209 1414 ut
1231 1382 1280 1415 ita
1304 1381 1512 1414 iudicarent.

331 1434 376 1467 Et
416 1437 455 1468 ut
489 1435 607 1468 statim
642 1435 758 1469 dicam
791 1436 878 1478 quid
913 1436 1075 1479 sentiam,
1113 1436 1210 1478 quod
1244 1435 1498 1478 repetitionem,
1536 1443 1646 1475 quam

285 1489 493 1531 languorem
528 1491 563 1522 et
596 1485 841 1523 lentitudinem
874 1490 934 1533 (ct.
970 1491 1094 1524 Donat.
1129 1491 1173 1523 ad
1206 1491 1316 1523 Andr.
1349 1488 1430 1531 804)
1463 1488 1645 1530 quandam

286 1543 456 1585 praebere
485 1552 591 1585 posse
620 1553 692 1577 non
721 1544 936 1586 negaverim,
967 1545 1058 1577 falso
1080 1554 1221 1586 semper
1243 1544 1451 1586 languorem
1476 1543 1647 1585 praebere

285 1598 513 1638 putaverunt,
551 1606 612 1630 eos
645 1597 780 1639 decepit
815 1601 849 1630 et
877 1598 918 1645 ¹in
953 1608 1110 1631 errorem
1144 1598 1258 1630 duxit.
1296 1597 1404 1631 Obliti
1434 1597 1527 1629 enim
1559 1598 1645 1628 sunt

285 1651 378 1684 dicta
402 1651 527 1684 similia
552 1652 694 1694 saepius
718 1652 863 1694 repetita
887 1654 1026 1694 praeter
1049 1653 1257 1695 languorem
1277 1655 1311 1685 et
1328 1652 1522 1685 satietatem
1539 1651 1644 1683 etiam

286 1705 444 1747 vigorem
467 1706 598 1738 inicere
619 1716 737 1747 posse.

329 1758 407 1792 Hoc
429 1760 506 1793 loco
529 1760 702 1794 admoneo
724 1760 888 1805 lectorem
907 1760 1123 1794 narrationis
1143 1760 1399 1802 celeberrimae,
1423 1769 1531 1802 quam
1551 1759 1644 1791 idem

285 1815 409 1847 auctor
431 1814 502 1848 iam
526 1824 547 1848 a
571 1825 627 1848 me
648 1815 815 1856 laudatus
838 1815 1014 1848 Multatuli
1037 1815 1081 1848 de
1106 1815 1253 1857 Saidjah
1273 1818 1307 1847 et
1327 1815 1465 1847 Adinda
1487 1813 1641 1854 scripsit.

285 1867 328 1900 In
352 1868 419 1901 hac
442 1869 646 1902 narratione
669 1871 791 1902 auctor
813 1870 1003 1902 identidem
1025 1870 1138 1902 isdem
1162 1869 1280 1902 verbis
1297 1870 1431 1910 narrat,
1451 1877 1523 1909 quo
1539 1867 1646 1899 modo

284 1922 377 1963 patri
414 1921 557 1965 Saidjae
591 1933 730 1966 semper
760 1924 878 1957 denuo
908 1924 972 1957 bos
1003 1924 1180 1957 adimatur
1209 1925 1244 1956 et
1274 1923 1345 1956 iam
1375 1922 1492 1955 tribus
1524 1921 1644 1954 bubus

283 1977 413 2019 ereptis
447 1977 613 2011 admonet
646 1988 685 2011 se
718 1979 789 2011 iam
824 1979 957 2012 dixisse
990 1978 1229 2012 narrationem
1264 1978 1341 2010 sine
1371 1977 1443 2009 ulla
1476 1976 1646 2008 varietate

320 2170 346 2205 1)
384 2171 496 2198 Bonam
506 2171 754 2206 comparationem
765 2171 885 2206 praebet
895 2171 1044 2206 Belgicam
1054 2169 1151 2206 ‘kom',
1161 2171 1238 2206 quod
1249 2174 1280 2197 et
1289 2170 1474 2197 adhortative
1485 2170 1646 2197 adhibetur

282 2218 374 2246 etiam
393 2219 578 2254 geminatum
599 2217 682 2246 koml
703 2216 788 2246 koml
807 2221 838 2246 et
856 2218 1038 2246 deminutive
1058 2218 1137 2252 hom,
1155 2217 1339 2253 geminatum
1360 2217 1429 2244 kom
1441 2237 1466 2244 ..
1478 2217 1579 2244 ,keml

319 2264 345 2299 2)
382 2265 441 2293 Jac.
468 2273 523 2293 van
549 2264 706 2293 Ginneken
726 2267 745 2293 l.
764 2267 783 2293 1.
802 2264 817 2300 ἓ
836 2264 906 2293 627:
933 2265 1057 2293 Daarom
1084 2266 1142 2292 kan
1169 2273 1236 2292 men
1262 2265 1365 2292 echter
1383 2265 1440 2291 ook
1460 2272 1510 2291 τοο
1529 2265 1647 2292 terecht

283 2319 406 2348 zeggen:
432 2311 514 2339 Geen
540 2311 628 2340 enkel
653 2312 751 2340 woord
776 2313 828 2340 dat
852 2320 927 2348 geen
953 2312 1097 2339 zinwoord
1122 2312 1148 2339 is
1175 2311 1256 2339 heeft
1281 2319 1337 2339 een
1362 2314 1444 2339 vaste
1463 2311 1645 2339 beteekenis.

283 2359 408 2386 Duram
435 2359 573 2387 mochten
598 2359 737 2395 eigenlijk
763 2359 795 2387 in
820 2367 876 2387 een
902 2359 1113 2387 woordenboek
1139 2358 1217 2386 niets
1241 2359 1299 2386 dan
1319 2359 1505 2386 zinwoordeu
1525 2358 1644 2387 worden

281 2414 474 2442 opgenomen.
500 2406 569 2434 Men
594 2409 690 2434 moest
715 2406 784 2434 toch
809 2414 880 2434 eens
904 2406 1060 2441 ophouden
1080 2414 1149 2433 voor
1166 2406 1214 2433 elk
1235 2406 1331 2433 woord
1351 2414 1406 2433 een
1426 2406 1573 2434 abstracte
1592 2406 1645 2434 be-

282 2453 416 2482 oeekenis
440 2456 471 2480 te
490 2453 683 2488 dedueeeren,
702 2454 750 2482 die
770 2454 822 2481 het
840 2454 903 2481 niet
919 2453 952 2482 in
970 2453 1007 2480 de
1025 2453 1095 2488 taal,
1115 2461 1198 2480 maar
1216 2453 1312 2480 alleen
1333 2454 1363 2480 in
1384 2454 1420 2481 de
1441 2454 1646 2489 metaphysica

281 2500 314 2528 of
329 2500 432 2536 eenige
450 2500 559 2529 andere
577 2500 725 2529 abstracte
744 2500 930 2536 wetenschap
949 2500 1064 2528 hebben
1084 2500 1152 2528 kan.

318 2548 396 2576 Fritz
421 2547 622 2584 Strohmeyer,
648 2548 706 2576 Der
731 2548 786 2576 Stil
808 2548 860 2576 der
879 2548 1094 2576 sranzosischen
1113 2548 1250 2583 Spreche,
1270 2549 1368 2575 Berlin
1388 2548 1470 2576 1910.
1496 2548 1644 2584 Schlagen

282 2595 336 2622 wir
359 2595 409 2622 ein
433 2594 653 2640 aussiilquiches
679 2595 874 2623 Wtirterbuch
900 2595 952 2622 der
977 2594 1194 2622 sranzosischen
1221 2594 1349 2630 Sprache
1375 2596 1436 2630 auf,
1455 2604 1487 2623 so
1506 2596 1571 2623 sind
1591 2595 1645 2622 wir

280 2644 417 2669 erstaunt
435 2641 508 2669 iiber
526 2641 574 2669 die
591 2641 689 2669 schier
707 2641 949 2670 uniibersehbare
968 2641 1073 2677 Menge
1093 2650 1149 2669 von
1170 2641 1394 2678 Bedeutungen,
1414 2642 1460 2670 die
1480 2642 1568 2670 verba
1590 2642 1644 2670 wie

281 2688 362 2724 faire,
382 2690 502 2723 mettreff
518 2685 644 2724 prendre
663 2697 692 2716 u.
713 2697 738 2717 a.
759 2689 928 2717 aut'weisen.
