1932 3121
324 295 356 320 11

955 393 1054 426 VIII.

366 474 445 507 Non
476 474 641 516 probavit
674 475 713 507 K.
750 475 882 509 Lino-ke
913 456 1029 518 (Plato
1056 460 1191 510 Paulus
1223 477 1296 509 und
1328 477 1385 510 die
1410 477 1683 520 Pythagoram,

323 528 447 561 Philol.
475 528 529 570 70,
556 529 619 562 511
645 538 726 570 sqq.
752 529 790 562 a⁰
814 529 928 572 1911),
955 539 1047 572 quae
1070 530 1213 564 Marcus
1236 531 1281 564 de
1299 531 1533 565 daemonibus
1550 536 1682 574 narret,

320 591 365 615 ex
389 582 546 616 Platonis
569 583 713 616 Timaeo
735 593 815 618 esse
838 587 992 627 sumpta.

970 687 1031 720 IX.

365 770 554 804 Probanda
585 775 639 803 est
671 772 845 805 sententia
870 772 936 804 viri
959 772 1000 805 cl.
1028 772 1087 805 Fr.
1113 773 1252 815 Jacoby
1275 773 1512 806 existimantis
1534 773 1683 815 elegiam

321 824 517 857 Romanam
551 835 595 858 ex
628 825 884 868 epigrammate
916 826 1051 860 Graeco
1078 836 1158 860 esse
1188 830 1304 860 ortam
1336 826 1477 870 (Rhein.
1513 827 1604 860 Mus.
1640 824 1699 860 60'

319 888 354 920 p.
381 878 535 913 38—105
560 879 597 913 a⁰
623 879 737 922 1905).

979 975 1020 1006 Χ.

362 1056 513 1089 Ovidius
538 1057 594 1089 vel
617 1057 688 1090 iam
712 1058 794 1090 exul
819 1057 871 1090 vel
894 1057 1007 1090 edicto
1023 1057 1117 1090 exilii
1133 1059 1361 1100 promulgato
1378 1059 1681 1100 Metamorphoses

317 1111 537 1151 retractavit;
563 1111 608 1144 cf.
637 1111 800 1153 Pohlenz,
830 1111 978 1144 Hermes
1006 1111 1090 1145 1913
1115 1122 1151 1154 p.
1181 1113 1196 1144 1
1223 1122 1304 1154 sqq.
1626 1113 1628 1115 ’

967 1214 1029 1247 XI.

360 1298 503 1331 Veteres
534 1298 636 1331 aliter
659 1298 703 1331 de
726 1298 821 1331 furto
843 1297 1013 1331 litterario
1035 1297 1284 1331 iudicaverunt
1307 1300 1414 1340 atque
1437 1308 1503 1331 nos
1529 1298 1680 1341 (Hosius

316 1353 357 1385 N.
384 1353 420 1385 J.
449 1352 535 1385 1913
559 1362 594 1394 p.
625 1351 825 1394 176—193).

955 1446 1036 1478 XII.

360 1530 489 1562 Forma
520 1530 689 1571 primaria
722 1532 866 1574 senatus
898 1529 1050 1562 consulti
1074 1529 1187 1561 ultimi
1211 1531 1286 1561 erat
1310 1530 1391 1570 „uti
1414 1530 1579 1562 consules
1604 1539 1696 1561 rem-
1726 1531 1730 1535 “

314 1583 491 1624 publicam
516 1582 735 1615 defendant”
763 1583 977 1624 (Plaumann
1003 1583 1080 1615 Klio
1106 1582 1191 1615 1913
1215 1593 1249 1624 p.
1276 1582 1480 1624 321--386).

944 1686 1044 1718 XIII.

358 1771 435 1804 Non
461 1779 602 1812 semper
624 1770 736 1803 Josue
758 1770 801 1802 de
826 1770 959 1803 Decker.
981 1770 1017 1802 in
1041 1769 1132 1802 libro
1155 1769 1217 1811 qui
1240 1769 1446 1803 inscribitur
1466 1769 1676 1811 „Iuvenalis

311 1824 544 1859 declamans”
570 1825 723 1866 leporem
747 1828 781 1856 et
804 1825 898 1857 iocos
921 1826 1044 1866 poetae
1066 1824 1245 1857 intellexit.

944 1927 1035 1959 XIV.

356 2013 414 2044 Fr.
443 2012 513 2044 Leo
535 2012 572 2043 in
597 2010 687 2043 libro
710 2011 771 2052 qui
795 2011 1032 2052 „Geschichte
1054 2011 1088 2043 d.
1116 2011 1217 2043 Rom.
1246 2008 1450 2043 Literatur''
1468 2009 1675 2056 inscribitur

311 2067 449 2108 primus
475 2075 596 2098 veram
622 2065 803 2097 historiam
828 2065 1026 2098 litterarum
1050 2065 1293 2098 Romanarum
1316 2064 1471 2106 praebet.

957 2169 1030 2202 XV.

355 2254 396 2286 In
421 2254 536 2286 forma
561 2251 739 2296 ἐγρήγορα
763 2253 876 2294 prima
898 2253 1015 2286 littera
1038 2263 1060 2295 ρ
1082 2252 1217 2285 inserta
1240 2253 1293 2284 est
1317 2251 1457 2284 aurium
1482 2260 1601 2285 causa.

945 2357 1036 2389 XVI.

354 2439 508 2485 Πείρατα
528 2440 651 2485 τέχνης
668 2440 764 2483 apud
782 2440 885 2473 Hom.
902 2440 968 2474 od.
984 2440 1016 2482 3,
1032 2440 1098 2474 433
1111 2449 1183 2473 non
1196 2439 1400 2482 significant
1412 2437 1672 2473 instrumenta

308 2496 370 2528 sed
394 2494 570 2539 insiynia
592 2495 692 2528 artis.

930 2588 1041 2621 XVII.

351 2672 455 2714 Apud
479 2672 584 2704 Hom.
609 2671 674 2704 Od.
697 2671 749 2712 10,
769 2670 834 2703 305
850 2680 916 2712 pro
934 2669 1128 2713 τ’ὀρύσσειν
1143 2670 1332 2713 legendum
1349 2679 1475 2703 censeo
1489 2668 1669 2713 Ιβῖερύσσαι.
