1932 3121
271 548 349 582 604.

225 665 235 682 ¹
271 657 347 690 605.

271 765 346 798 606.

270 874 347 908 607.

270 1116 345 1150 763.

270 1225 346 1258 764.

270 1333 344 1366 765.

268 1387 345 1421 766.

265 1667 342 1700 809.

264 1720 343 1753 810.

263 1775 341 1808 815.

263 1829 342 1862 816.

263 1883 340 1916 817.

263 1937 340 1971 818.

262 2266 359 2301 1228.

262 2321 360 2354 1229.

262 2375 360 2409 1230.

261 2430 359 2463 1231.

936 252 977 284 14

739 356 848 389 Persa
873 355 938 389 606
964 355 1052 399 (aye
1075 355 1180 399 αρε»

437 436 515 463 Leno
546 436 599 471 qui
631 443 649 462 a
680 435 796 463 duobus
831 435 923 462 servis
950 435 1078 463 circum—

398 483 526 510 ducitur.

398 549 520 581 LENO.
546 548 699 590 Hospes,
728 548 808 581 volo
830 557 897 590 ego
920 547 1013 581 hane
1039 549 1087 590 (sc.
1102 547 1251 591 virginem)
1277 549 1488 591 percontari.

891 601 1012 636 SERV.
1037 603 1066 635 A
1089 603 1184 635 terra
1207 602 1254 636 ad
1277 603 1414 637 eaelum
1438 603 1636 645 quidlubet.

398 658 519 690 LENO.
554 656 731 689 Iubedum
762 665 803 689 ea
834 656 902 689 hoc
932 656 1074 689 accedat
1105 656 1150 689 ad
1183 666 1249 689 me.
1286 656 1406 690 SERV.
1441 657 1459 690 I
1488 667 1575 691 sane
1597 667 1641 691 ac

1310 721 1445 745 morem
1468 712 1517 745 illi
1540 721 1634 754 gere.

397 766 621 806 Pereontare,
655 765 844 806 exquirere
876 765 1032 806 quidvis.
1073 764 1231 798 SERVUS
1264 771 1404 798 ALTER.
1439 764 1532 809 Aye,
1567 774 1642 809 aye

970 828 1067 852 nunc
1089 820 1146 852 tu:
1170 819 1207 852 in
1231 818 1415 862 proelium.
1445 819 1516 862 (ι-ὁω
1531 819 1637 863 mixto)

395 874 483 907 Vide
505 875 545 906 ut
568 874 771 915 ingrediare
793 870 988 915 auspicato.

684 976 793 1009 Persa
819 975 883 1010 766
908 975 995 1019 (aye
1018 984 1089 1019 aye
1112 974 1216 1019 aye):

398 1051 537 1078 Meretrix
548 1054 712 1078 amatorem
722 1050 868 1084 (servum)
878 1050 1049 1085 alloquitur.

396 1117 499 1150 MER.
533 1116 655 1150 Toxile
687 1116 745 1158 mi,
772 1126 837 1150 eur
868 1125 934 1158 ego
957 1116 1034 1149 sine
1056 1119 1090 1149 te
1114 1114 1223 1149 suin?
1256 1115 1330 1150 Cur
1352 1117 1393 1150 tu
1414 1118 1534 1150 autem
1559 1117 1640 1150 sine

1002 1180 1057 1204 me
1060 1169 1119 1204 ’82
1143 1171 1320 1205 ΑΜΔΤΟΒ.
1346 1171 1508 1213 Agedum
1531 1181 1636 1213 ergo:

397 1225 531 1291 Accede
547 1225 593 1258 ad
614 1234 670 1258 me
682 1226 789 1267 atque
801 1225 1010 1267 amplectere
1021 1225 1082 1257 sis.
1098 1225 1202 1258 Mna.
1216 1225 1402 1269 Egovero.
1425 1225 1547 1258 AMAT.
1564 1225 1632 1268 Oh,

1180 1279 1232 1313 nil
1254 1279 1322 1312 hoe
1344 1280 1460 1322 magis
1483 1280 1633 1313 dulcest.

398 1333 468 1366 Sed
477 1322 615 1372 amabo,
622 1333 748 1366 oculus
759 1342 859 1365 meus
861 1333 962 1374 ‚quin
970 1332 1069 1365 lectis
1078 1341 1145 1366 nos
1152 1333 1311 1367 actutum
1321 1332 1635 1367 commendamus?

394 1384 523 1421 Omnia
547 1397 641 1429 quae
664 1390 703 1421 tu
720 1387 786 1429 vis,
808 1397 849 1420 ea
865 1387 978 1429 cupio.
1006 1388 1127 1421 Amr.
1154 1387 1279 1420 Mutua
1295 1387 1401 1420 fiunt.
1427 1386 1522 1431 Aye,
1548 1397 1632 1431 aye,

1439 1450 1512 1485 aye
1532 1451 1630 1484 ergo.

731 1530 839 1562 Persa
862 1529 927 1564 818
951 1528 1166 1571 (iamiam):

392 1598 502 1627 Servus
521 1607 589 1627 cum
610 1606 701 1634 puero
721 1595 874 1634 (Paegnio)
893 1598 1034 1634 loquitur.

395 1690 664 1699 ........
692 1666 801 1701 PUER
827 1664 877 1707 (aa
893 1664 1041 1707 zenonem).
1069 1665 1146 1698 Hoc
1171 1665 1220 1707 (ec.
1233 1664 1360 1707 plagam)
1385 1666 1465 1698 leno
1488 1665 1563 1698 tibi.

393 1720 514 1753 LENo.
542 1719 645 1761 Perii,
673 1719 821 1761 perculit
846 1729 900 1752 me
923 1729 1033 1761 prope
1057 1743 1326 1752 ........
1458 1747 1461 1749 Α

392 1774 513 1807 PUER.
542 1774 675 1808 Restim
698 1775 738 1807 tu
762 1773 825 1806 tibi
848 1783 933 1815 cape
955 1782 1113 1807 crassam
1139 1783 1181 1806 ac
1203 1774 1238 1806 te
1260 1773 1450 1815 suspende.

393 1829 514 1861 LENO.
542 1828 637 1862 Cave
659 1828 711 1860 sis
734 1838 791 1860 me
813 1828 954 1870 attigas,
980 1837 1026 1860 ne
1048 1828 1112 1860 tibi
1135 1828 1202 1860 hoc
1225 1828 1382 1869 scipione

390 1882 525 1914 Malum
548 1891 721 1924 magnum
745 1882 835 1914 dem.
863 1881 983 1915 PUER.
1012 1882 1133 1915 Utere:
1156 1882 1191 1914 te
1214 1881 1386 1914 condono.

395 1936 516 1970 SERV.
542 1935 723 1978 Iamiam,
753 1936 957 1979 Paegnium,
985 1936 1030 1969 da
1055 1945 1217 1978 pausam.

626 2039 771 2073 Rudens
796 2039 881 2073 1229
907 2037 1066 2083 (Sapias
1089 2037 1266 2082 Sapias):

449 2110 579 2137 Piscator
604 2108 693 2144 Gripo
719 2110 837 2136 nomine
855 2110 919 2137 seni
937 2109 1054 2137 cuidam

413 2157 553 2192 suadens,
585 2159 620 2184 ut
654 2156 788 2184 vidulum
817 2156 972 2184 inventum
1000 2156 1055 2184 sibi

412 2204 530 2232 habeat.

412 2266 559 2300 Smmx.
587 2265 681 2303 Quid
704 2267 758 2298 est
782 2265 910 2307 negoti,
937 2264 1072 2308 Gripe?
1098 2265 1259 2299 Glurus.
1289 2265 1345 2298 De
1361 2265 1420 2298 illo
1443 2265 1576 2306 vidulo,

413 2321 451 2354 Si
473 2319 611 2364 sapias
632 2318 784 2362 sapias:
809 2320 941 2353 habeas
965 2321 1062 2362 quod
1084 2320 1121 2353 di
1144 2321 1231 2353 dant
1255 2320 1352 2353 boni.
1581 2337 1583 2339 ·

413 2376 560 2409 SENEX.
587 2375 746 2417 Aequom
771 2374 911 2408 videtur
934 2375 996 2408 tibi
1021 2377 1062 2408 ut
1084 2384 1151 2418 ego
1174 2375 1329 2408 alienum
1354 2374 1451 2416 quod
1474 2375 1529 2407 est

409 2431 528 2463 Meum
552 2439 632 2462 esse
655 2428 799 2462 dicam?

557 2504 594 2532 Si
620 2503 751 2539 sapias
773 2503 898 2539 sapias
917 2503 988 2531 baec
1009 2503 1095 2531 lectio
1115 2503 1193 2530 idem
1214 2497 1292 2530 valet
1310 2503 1388 2538 quod
1409 2503 1440 2530 si
1460 2502 1632 2530 callidus

520 2552 580 2578 sis.
607 2550 659 2578 Sin
686 2550 833 2585 virgulam
858 2551 937 2577 inter
962 2550 1049 2577 ambo
1075 2550 1203 2585 sapias
1229 2549 1375 2584 ponimus,
1395 2552 1430 2577 ut
1450 2549 1630 2584 plerumque

521 2597 563 2632 fit,
589 2597 677 2625 aliter
702 2596 943 2631 interpretamur,
964 2596 1090 2624 scilicet:
1116 2596 1141 2624 si
1166 2596 1263 2632 sapias
1287 2595 1349 2631 (i.q.
1375 2596 1400 2623 si
1426 2595 1542 2631 sapiens
1566 2594 1632 2630 sis),

518 2645 613 2679 sapias
633 2643 695 2680 (i.q.
714 2643 832 2679 sapiens
852 2642 994 2678 maneas),
1013 2643 1245 2679 geminationem
1266 2645 1367 2671 autem
1387 2651 1447 2671 non
1462 2641 1629 2677 habemus).
