1932 3121
1587 317 1637 343 111

891 416 1023 449 XVIII.

323 490 505 531 Immerito
527 490 673 524 damnat
698 490 872 524 Steinthal
889 489 1031 533 (Geseh.
1050 490 1087 523 d.
1107 489 1287 532 Spraehw.
1308 489 1363 522 bei
1379 488 1447 522 den
1464 487 1638 522 Grieehen

279 543 356 577 und
385 543 539 578 Romern
571 545 634 577 mit
664 543 737 578 bes.
764 544 896 578 Riieks.
923 544 988 577 aui
1007 543 1066 577 die
1087 543 1211 586 Logik,
1237 543 1275 576 11
1299 553 1334 585 p.
1360 543 1404 576 36
1427 552 1462 575 ιι.
1493 541 1527 584 1)
1551 541 1639 574 illud

280 598 589 641 Xenophonteum:
621 597 681 632 καὶ
702 597 738 632 οῖ
758 597 825 641 μὲν
858 596 998 640 (mot)
1015 595 1179 642 Ἕλληνες
1201 596 1271 641 ι’ὄίᾳ
1292 595 1428 641 μᾶλλον
1450 595 1510 630 καὶ
1532 597 1640 639 φωνῇ

280 651 340 686 καὶ
362 650 555 696 ὀιᾳίτῄκαὶ
577 652 727 697 σχήματι
749 653 912 696 χρῶνται,
930 651 1113 696 Ἀθηναῖοι
1136 650 1176 685 ὀὲ
1197 651 1399 695 κεκραμένη
1420 650 1459 690 ἐξ
1473 648 1640 683 ἁπάντων

237 714 239 716 ’
279 707 351 740 τῶν
370 704 546 750 Ἑλλήνων
568 705 629 740 καὶ
652 705 764 748 <τῶν>
788 704 985 749 βαρβάρων
1009 705 1076 750 (De
1098 706 1184 748 Rep.
1205 706 1290 739 Ath.
1317 706 1349 748 2,
1375 704 1425 747 8).

860 793 863 795 ·
912 785 1005 817 XIX.

325 857 368 890 Id
402 859 498 900 quod
533 859 590 891 Fr.
627 858 768 892 Beehtel
800 858 1005 901 (Lexilogus
1036 868 1080 891 zu
1111 858 1256 901 Homer,
1292 858 1389 900 1914,
1422 858 1458 890 in
1493 856 1640 890 vocibus

281 908 471 955 ἀγρότερος
493 922 527 955 p.
556 912 598 946 10
621 922 677 954 sq.
701 914 736 946 et
758 910 947 955 ὁπλότερος
969 922 1004 955 p.
1031 912 1111 954 252)
1132 913 1285 954 disserit,
1306 913 1398 945 valet
1414 912 1459 945 de
1473 911 1640 944 omnibus

280 966 543 1007 comparativis.
570 966 819 1008 Gomparativo
841 966 934 999 inest
957 966 1012 999 vis
1033 966 1272 999 adversativa.

326 1019 423 1052 Haeo
446 1020 501 1052 vis
523 1020 749 1053 adversativa
772 1020 809 1052 in
832 1020 954 1063 lingua
979 1020 1155 1053 Hebrai'ea
1178 1020 1366 1053 manifesto
1389 1019 1587 1052 ostenditur
1602 1018 1638 1050 in

280 1073 543 1115 eomparatione
563 1083 732 1116 expressa
755 1083 818 1116 per
839 1067 1133 1116 praepositionem
1157 1077 1238 1111 ’3⁷³-

923 1158 996 1190 XX.

326 1226 462 1262 Gradui
485 1231 701 1272 superlativo
723 1232 816 1264 inest
839 1232 893 1263 vis
917 1231 1153 1264 adversativa.

898 1310 1004 1343 .XXI.

326 1383 370 1416 In
395 1383 513 1416 verbis
536 1384 680 1417 Graecis
698 1384 885 1426 tradendis⁴
896 1384 1135 1425 incipiendum
1150 1386 1204 1416 est
1223 1394 1243 1416 a
1261 1384 1379 1416 verbis
1394 1384 1638 1416 desinentibus

281 1436 319 1469 in
351 1448 402 1480 μι,
432 1437 539 1479 idque
569 1447 589 1470 a
620 1436 734 1470 forma
764 1437 960 1479 praesentis
986 1440 1024 1470 -et
1054 1438 1248 1479 imperfecti
1281 1438 1384 1470 medii
1418 1438 1473 1470 vel
1503 1438 1637 1479 passivi

282 1491 433 1532 generis.

903 1545 1015 1577 XXII.

326 1618 400 1650 Ten
428 1619 596 1651 onreehte
619 1618 718 1651 zoekt
741 1618 926 1660 Gesenius,
954 1618 1065 1651 Hebr.
1090 1618 1322 1659 Grammatik‚
1349 1619 1404 1651 ed.
1431 1620 1639 1652 Kautzsoh‘ae

284 1670 307 1715 ξ
324 1671 366 1705 91
386 1682 421 1705 ιιι
441 1672 478 1705 in
492 1667 633 1708 ἻΞἿἿῆῸ
643 1674 685 1700 '¹0
700 1673 777 1715 „im
797 1673 945 1707 Grunde
960 1673 1038 1706 eine
1052 1673 1215 1715 doppelte
1230 1673 1636 1716 Pluralbezeichnung.'’

328 1726 415 1764 Hier
447 1727 479 1759 is
514 1728 648 1760 veeleer
682 1730 716 1760 te
748 1728 886 1760 denken
922 1736 991 1760 aan
1025 1737 1089 1760 een
1123 1727 1448 1770 analogieformatie
1477 1738 1566 1761 naar
1595 1729 1640 1761 de

282 1780 437 1814 manlike
466 1781 641 1823 woorden,
675 1781 825 1815 doordat
854 1781 914 1815 het
944 1781 1055 1815 suffix
1086 1791 1208 1815 samen
1240 1784 1310 1815 met
1340 1782 1385 1815 de
1414 1784 1530 1816 status
1559 1793 1638 1817 eon—

282 1836 607 1888 struetusiuitgang
638 1846 707 1869 van
740 1837 798 1879 het
829 1837 964 1869 manlik
994 1837 1185 1869 meervoud
1217 1837 1363 1877 gevoeld
1393 1837 1424 1869 is
1455 1838 1508 1869 als
1539 1839 1640 1870 enkel

282 1889 395 1922 suffix
416 1899 460 1922 en
485 1890 537 1922 als
560 1890 712 1932 zodanig
735 1890 855 1923 aehter
878 1890 938 1922 het
957 1890 1147 1923 meervoud
1171 1890 1235 1922 der
1260 1890 1453 1923 vrouwlike
1476 1892 1638 1938 woorden

283 1943 453 1986 gevoegd.

315 2023 321 2027 .
867 1984 875 1995 ’
893 1988 1025 2021 ΧΧΙΙΙ.

327 2061 371 2094 In
394 2061 439 2095 de
457 2072 526 2104 z.g.
546 2061 794 2096 Hebraeuwse
809 2062 855 2096 of
867 2061 1039 2105 Btjy'beke,
1060 2062 1105 2095 of
1115 2062 1189 2095 ook
1201 2061 1455 2105 superlatieve
1467 2063 1637 2107 yenitief,

230 2152 233 2156 ,
284 2116 439 2148 vermeld
462 2116 499 2149 in
523 2116 568 2149 de
589 2116 831 2150 Nederlandse
856 2116 1106 2159 Spraakkunst
1131 2122 1199 2149 van
1224 2116 1262 2150 G.
1292 2116 1336 2149 H.
1364 2117 1433 2150 den
1455 2118 1607 2160 Hertog2
1623 2119 1640 2151 Ι

282 2169 349 2203 blz.
387 2169 441 2213 39,
478 2170 510 2204 is
540 2171 597 2204 die
626 2171 891 2214 genitief-vorm
914 2169 1137 2214 inyebraoht
1166 2170 1212 2212 bij
1245 2171 1304 2204 het
1334 2172 1580 2215 overbrengen
1603 2174 1639 2206 in

282 2224 415 2258 andere
436 2225 542 2258 talen.
570 2226 621 2259 De
643 2226 881 2259 Hebreeuwse
903 2224 959 2259 St.
985 2235 1024 2259 ω
1037 2225 1118 2259 toeh
1134 2225 1205 2258 kan
1222 2226 1294 2258 niet
1309 2226 1363 2258 als
1379 2227 1535 2268 genitief—
1539 2237 1640 2260 vorm

283 2277 424 2312 worden
449 2279 673 2323 baechouwd,
699 2290 743 2314 en
767 2280 812 2314 de
835 2280 1102 2323 verhoudingen
1125 2279 1251 2313 daarin
1272 2280 1479 2323 uitgedrukt
1494 2281 1638 2316 beslaan

281 2342 346 2366 een
371 2333 446 2366 veel
470 2334 603 2367 ruimer
626 2335 762 2377 gebied.

901 2404 1022 2436 XXIV.

329 2477 380 2510 De
408 2478 500 2510 term
530 2477 672 2520 dageesj
704 2478 796 2511 forte
825 2477 1032 2520 implicitum
1057 2478 1261 2520 (oecultum,
1288 2478 1511 2519 delitescens)
1536 2479 1572 2511 in
1596 2480 1640 2512 de
1661 2476 1665 2480 ’

284 2531 522 2565 Hebreeuwse
550 2532 786 2574 grammatika
819 2532 907 2574 viist
937 2541 984 2574 op
1013 2541 1078 2565 een
1110 2541 1180 2565 van
1204 2532 1249 2565 de
1271 2532 1480 2565 treffendste
1503 2534 1639 2566 naieve-

281 2586 388 2621 teiten
408 2595 479 2619 van
499 2586 545 2619 de
561 2587 776 2629 grammaire
795 2586 982 2620 raisonnee
999 2586 1064 2619 der
1082 2586 1316 2629 analogisten,
1331 2587 1388 2620 die
1400 2588 1640 2621 voornamelik

283 2642 355 2674 met
378 2640 436 2673 het
458 2641 676 2683 gesehreven
699 2640 920 2674 woordbeeld
943 2640 1116 2682 rekening
1138 2640 1276 2673 hielden
1299 2650 1343 2674 en
1368 2650 1430 2673 een
1455 2641 1638 2683 gevonden

282 2694 445 2737 analogio
467 2695 588 2737 geheel
612 2704 701 2728 naar
723 2695 768 2728 de
788 2695 907 2737 logika
930 2693 1055 2727 wilden
1080 2694 1312 2728 doorvoeren.
