1932 3121
984 257 1027 290 42

751 360 992 394 Truculentus
1016 362 1081 395 575
1108 360 1240 405 (attat)
1250 371 1258 394 :

447 433 556 461 Servus
574 441 674 461 secum
696 433 837 470 loquitur.

318 499 399 533 568.
450 500 569 533 Smw.
597 500 817 533 Meretricem
839 510 907 542 ego
929 501 1014 534 item
1037 511 1117 535 esse
1140 512 1220 535 reor
1243 511 1341 535 mare
1363 503 1403 535 ut
1426 504 1496 535 est:

318 553 398 587 569.
447 554 551 592 Quod
575 554 639 587 des
662 554 811 587 devorat
834 563 899 587 nee
921 554 1016 588 datis
1039 565 1212 597 umquam
1235 555 1407 589 abundat.

318 662 399 695 571.
449 663 519 695 Des
528 663 772 703 quantumvis,
779 671 959 703 nusquam
969 664 1118 704 apparet
1126 673 1243 704 neque
1250 663 1365 696 datori
1374 672 1490 704 neque
1495 664 1690 705 accepti-ici.

319 715 437 754 57213.
486 716 589 748 Velut
620 716 707 748 haec
739 715 906 748 meretrix
937 725 1056 748 meum
1088 726 1190 749 erum
1222 717 1392 750 miserum
1423 711 1490 750 sua'
1518 716 1690 750 blanditia

1265 771 1384 805 intulit
1407 771 1444 804 in
1468 771 1686 814 pauperiem,

319 824 400 857 574.
450 824 611 857 Privavit
635 824 739 857 bonis
763 824 842 857 luce
865 824 1000 857 honore
1023 826 1132 866 atque
1154 826 1290 858 amicis.

284 886 286 890 ·
320 877 399 910 575.
449 876 564 911 Anat
586 888 704 911 eccam
729 878 830 911 adest
852 878 1072 920 propinque:
1101 903 1333 914 .......

322 1018 597 1053 Postulationis
622 1020 705 1054 sive
730 1020 1012 1054 obtestationis:

717 1100 881 1133 Asinaria
905 1100 970 1133 229
997 1100 1127 1142 (mane
1150 1100 1297 1141 mane):

487 1175 669 1202 Adulescens
688 1177 787 1202 lenam
808 1176 980 1211 alloquitur,
999 1183 1077 1211 quae
1090 1183 1152 1202 ser-

451 1222 531 1248 moni
552 1221 641 1249 finem
661 1222 758 1250 facere
777 1222 867 1257 cupit.

320 1287 399 1320 228.
450 1288 570 1321 LEM.
598 1289 765 1321 Remeato
785 1289 964 1330 audacter,
992 1288 1188 1322 mercedem
1206 1289 1237 1321 si
1253 1288 1324 1321 eris
1341 1289 1484 1321 nactus:
1506 1296 1602 1320 nunc
1617 1287 1689 1320 abi.

320 1341 399 1373 229.
449 1339 568 1374 ADUL'.
603 1341 720 1375 Mdne
751 1350 865 1375 mane
875 1342 917 1383 1),
950 1342 1052 1375 audi:
1083 1342 1153 1383 dic,
1188 1342 1275 1383 quid
1306 1351 1363 1374 me
1393 1350 1543 1383 aequom
1567 1342 1691 1374 censes

972 1402 974 1405 '
1332 1405 1398 1438 pro
1421 1395 1480 1428 illa
1503 1395 1568 1428 tibi
1591 1395 1688 1436 dare,

320 1449 400 1482 230.
451 1450 593 1482 Annum
620 1450 717 1482 hunc
741 1460 786 1482 ne
809 1460 890 1483 cum
914 1450 1086 1491 quiquam
1111 1450 1181 1482 alio
1205 1448 1279 1482 sit?

682 1544 849 1597 euredno
875 1563 938 1595 147
964 1562 1129 1606 (pessuli
1145 1552 1330 1605 pessulo:

489 1637 671 1665 Adulescens
705 1637 741 1665 ad
778 1637 855 1665 fores
889 1637 1009 1665 aedium
1042 1637 1153 1665 amicae

450 1684 565 1711 blandis
585 1684 680 1711 verbis
699 1684 832 1719 pessulos
850 1684 1022 1719 alloquitur.
1042 1726 1048 1729 .

325 1749 400 1782 147.
449 1750 569 1782 Λυσι..
597 1748 748 1783 Pesauli
769 1749 862 1783 heus
879 1734 1040 1791 pessuli,
1054 1735 1132 1782 >vos
1157 1749 1274 1782 saluto
1296 1748 1436 1790 lubens,

325 1803 401 1838 148.
449 1804 520 1837 Vos
543 1814 635 1846 amo,
663 1814 728 1837 vos
753 1804 844 1847 volo,
872 1814 937 1837 vos
961 1805 1174 1847 peto'atque
1195 1803 1356 1846 obsecro,

325 1859 400 1891 149.
450 1859 569 1891 Gerite
591 1859 726 1891 amanti
750 1859 837 1891 mihi
861 1868 1007 1900 morem,
1035 1858 1293 1891 amoenissimi:

326 1969 402 2000 151.
453 1968 628 2009 Sussilite‚
655 1968 814 2009 obsecro,
841 1969 876 2000 et
900 1967 1027 2000 mittite
1048 1968 1166 2000 istane
1188 1967 1298 2008 foras,

324 2021 402 2054 152.
450 2021 551 2059 Quae
572 2021 659 2054 mihi
683 2021 814 2054 misero
837 2019 1104 2054 amanti'ebibit
1127 2019 1352 2063 sanguinem.

325 2075 401 2109 153.
451 2076 529 2109 Hoc
553 2075 634 2108 vide
656 2077 696 2108 ut
719 2076 903 2109 dormiunt
927 2075 1061 2117 pessuli
1084 2074 1244 2117 pessumi

326 2130 402 2163 154.
451 2130 523 2163 Nee
546 2139 624 2162 mea
648 2130 763 2172 gratia
787 2130 1011 2176 commovent
1034 2139 1073 2162 se
1095 2129 1208 2162 ocius.

710 2242 878 2276 Curculio
901 2242 967 2275 310
993 2240 1130 2285 (retine
1151 2239 1307 2283 retine):

452 2318 602 2345 Parasitus
621 2325 689 2345 cum
708 2318 899 2345 adulescente
918 2317 1059 2352 loquitur.

322 2385 400 2419 309.
451 2385 570 2418 Anni..
590 2383 685 2422 Quid
702 2382 828 2416 tibist?
847 2383 986 2416 PARAS.
1005 2382 1188 2416 Tenebrae
1202 2382 1427 2423 oboriuntur,
1447 2390 1564 2423 genua
1575 2380 1693 2467 igedia

1488 2434 1586 2468 sueci
1611 2436 1689 2467 unt.

321 2492 400 2526 310.
450 2493 570 2526 Amn..
604 2491 832 2526 Lassitudine
854 2492 972 2525 hercle
995 2491 1111 2525 credo.
1140 2491 1280 2523 PARAS.
1307 2487 1452 2532 Reiine,
1477 2487 1601 2576 retizoe
1622 2499 1689 2531 me,

1530 2553 1553 2576 ο
1578 2552 1690 2576 secto.

361 2646 386 2679 1)
424 2649 547 2674 accentu
568 2649 685 2674 mutato
705 2649 735 2673 et
754 2646 933 2681 quantitate.
