1932 3121
962 262 1005 295 26

298 366 573 408 Indignationis
589 377 598 399 z

296 516 354 550 66.

295 623 353 657 67.

300 733 353 767 72.

298 788 352 820 73.

300 1086 399 1119 1087.

301 1195 398 1228 1088.

301 1249 399 1282 1089.

300 1302 397 1335 1090.

300 1411 398 1445 1094.

299 1520 399 1554 1095.

299 1683 396 1717 1099.

299 1792 396 1825 1101.

299 2133 398 2166 1181.

298 2242 397 2275 1182.

293 2586 373 2619 857.

294 2640 374 2674 858.

611 440 806 474 Bacchides
831 440 873 473 73
899 439 1041 483 (apaye
1064 448 1090 473 a
1109 448 1173 487 ¹me
1195 439 1358 483 apaye):

402 516 523 549 ADUL.
558 515 743 548 Penetrem
775 524 832 547 me
862 514 971 547 huius
1002 514 1096 547 modi
1127 514 1164 547 iu
1195 514 1410 556 palaestram
1441 514 1504 547 ubi
1526 513 1667 547 damnis

1389 566 1665 601 desudascitur?

403 624 471 657 Ubi
495 634 560 666 pro
583 624 682 657 disco
705 624 875 657 damnum
903 624 1052 666 capiam,
1079 633 1145 665 pro
1168 633 1321 656 cursura
1344 622 1525 657 dedecus?

403 703 479 766 {Jbi’
495 703 581 765 mihi
591 704 670 782 “pro
693 703 786 774 equo
809 703 921 765 lectus
945 732 1060 774 detur,
1095 733 1254 764 scortum
1277 740 1343 773 pro
1366 732 1468 764 scuto
1482 701 1666 765 ‘accub-et?

403 786 541 829 Apaye
570 796 595 820 a
626 796 696 827 me,
731 796 866 829 apaqe.
905 786 1091 819 Sononns
1115 792 1384 818 usnn‘nucns.
1417 785 1482 827 Ah,
1517 785 1667 818 nimium

1247 840 1346 872 ferus
1369 849 1408 871 es
1432 863 1663 872 .......

534 944 728 978 Bacchides
754 944 840 977 1087
865 943 950 987 (ubi
972 943 1068 987 ubi),
1098 943 1183 977 1099
1211 943 1298 986 (hoc
1318 942 1428 986 Ῐιοο)τ

448 1020 543 1048 Senex
562 1020 626 1047 seni
645 1020 749 1048 amico.

451 1086 542 1119 SEN.
570 1086 823 1127 Quiquomque
845 1085 914 1119 ubi
937 1084 1006 1118 ubi
1029 1087 1124 1126 sunt,
1151 1085 1214 1127 qui
1237 1085 1383 1118 fuerunt
1402 1085 1535 1126 quique
1553 1084 1667 1117 futuri

1409 1140 1495 1172 sunt
1518 1139 1667 1181 posthac

452 1194 570 1237 Stulti,
598 1195 726 1236 stolidi,
754 1194 856 1235 fatui,
882 1194 997 1236 fungi,
1023 1194 1141 1235 bardi,'
1163 1193 1296 1235 blenni,
1322 1194 1511 1236 bucconeS‚

451 1248 558 1281 Solus
581 1258 648 1290 ego
670 1249 787 1281 omnis
811 1248 916 1290 longe
939 1248 1081 1280 antideo
1104 1248 1253 1280 stultitia
1273 1249 1307 1280 et
1323 1247 1484 1280 moribus
1499 1248 1663 1280 indoctis.

450 1302 558 1335 Perii:
576 1302 708 1344 pudet:-
720 1302 845 1335 hocine
861 1312 918 1334 me
934 1302 1058 1335 aetatis
1070 1302 1175 1334 ludos
1188 1302 1244 1335 bis
1257 1302 1390 1335 factum
1403 1311 1482 1335 esse
1492 1301 1665 1345 indigne?

450 1411 648 1453 Chrysalus
693 1411 800 1453 (servus
821 1419 908 1447 fllium
930 1419 1001 1442 senis
1022 1410 1170 1453 adiuvans)
1215 1411 1294 1443 med
1336 1411 1440 1443 hodie
1479 1411 1663 1454 laoeravn,

988 1465 1186 1508 Chrysalus
1210 1475 1266 1498 me
1289 1465 1459 1499 miserum
1484 1466 1665 1508 spoliavit:

447 1521 485 1553 Is
517 1530 573 1553 me
605 1521 721 1553 scelus
745 1530 834 1553 auro
858 1529 975 1562 usque
998 1520 1149 1553 attondit
1172 1520 1262 1553 dolis
1286 1519 1398 1553 doctis
1422 1520 1603 1553 indoctum
1627 1524 1667 1554 ut

1463 1574 1662 1608 lubitumst.

448 1682 535 1717 Hoc
568 1683 639 1717 hoc
668 1685 722 1716 est
753 1683 850 1725 quod
881 1693 942 1716 cor
973 1683 1176 1725 peracescit,
1214 1683 1281 1716 hoc
1311 1685 1365 1716 cst
1395 1683 1537 1716 demum
1570 1683 1666 1724 quod

1446 1737 1665 1779 percrucior:

444 1792 542 1826 Cano
554 1793 669 1834 capite
681 1794 788 1834 atque
800 1792 880 1825 alba
893 1792 1005 1825 barba
1018 1792 1189 1825 miserum
1198 1801 1255 1824 me
1263 1801 1352 1825 auro
1359 1801 1439 1824 esse
1446 1793 1662 1825 emunctum.

679 1900 873 1933 Bacchides
899 1900 985 1933 1182
1012 1898 1125 1942 (satis
1147 1899 1278 1942 satis):

485 1974 579 2001 Senex
607 1982 676 2001 cum
702 1974 856 2001 meretrice
882 1974 1024 2009 loquitur,
1050 1982 1128 2009 quae

448 2028 518 2047 eum
548 2020 582 2047 ad
612 2028 644 2047 se
673 2020 792 2054 pellicit,
822 2019 917 2047 filium
943 2020 1021 2047 senis
1045 2021 1128 2047 intus

449 2066 569 2094 habens.

449 2133 550 2165 MER.
586 2133 603 2165 I
634 2133 700 2165 hac
724 2142 862 2175 mecum
886 2132 991 2174 intro,
1026 2132 1088 2165 ubi
1111 2132 1175 2165 tibi
1198 2120 1244 2165 sit
1267 2132 1380 2174 lepide
1403 2132 1558 2166 victibus
1583 2134 1666 2167 vino

1324 2188 1433 2228 atque
1455 2189 1663 2230 unguentis.

450 2241 543 2274 SEN.
577 2240 694 2282 Satis,
730 2239 829 2273 satis
857 2241 928 2273 iam
960 2241 1106 2273 vostrist
1130 2241 1290 2273 convivi:
1323 2251 1380 2274 me
1402 2241 1489 2274 nihil
1512 2243 1666 2284 paenitet

1326 2298 1366 2329 ut
1389 2297 1455 2329 sim
1481 2299 1663 2340 acceptus:

663 2398 764 2431 Miles
789 2399 976 2432 Gloriosus
1000 2398 1065 2432 857
1092 2398 1174 2441 (abi
1197 2398 1296 2441 abi):

462 2473 570 2500 Servus
598 2482 689 2508 puero
720 2474 853 2501 narranti
883 2474 1030 2509 quomodo
1058 2482 1126 2501 cum

424 2528 563 2548 conservo
582 2520 686 2547 furtim
707 2521 810 2548 vinum
830 2520 997 2555 potaveritt.

426 2586 545 2619 SERV.
572 2585 650 2619 Abi
673 2585 740 2620 abi
761 2586 857 2619 intro
880 2587 962 2620 iam.
989 2587 1059 2620 Vos
1083 2587 1119 2620 in
1144 2587 1230 2620 cella
1255 2588 1393 2621 vinaria

425 2641 625 2674 Bacchanal
648 2641 780 2674 facitis:
805 2641 875 2674 iam
900 2642 1018 2675 hercle
1040 2651 1106 2684 ego
1129 2651 1231 2675 erum
1256 2642 1430 2676 adducam
1455 2653 1475 2676 a
1499 2642 1588 2676 foro.
