1932 3121
965 265 987 299 8

337 367 367 400 7.
419 368 590 409 Donatus,
617 377 678 400 ars
702 368 934 413 grammatica
958 368 1028 409 111,
1054 369 1075 401 5
1100 367 1181 410 (IV.
1207 369 1285 411 398,
1314 370 1355 403 12
1379 368 1488 412 Rem:

336 421 527 463 Epizeuxis
550 423 604 455 est
626 421 785 455 eiusdem
810 421 910 455 verbi
933 421 971 455 in
994 421 1117 455 eodem
1138 432 1247 456 versu
1263 423 1341 457 sine
1356 423 1476 467 aliqua
1491 423 1661 458 dilatione

290 476 561 518 congeminatio,
588 478 628 508 ut
1111 479 1113 482 ’

425 529 499 572 Me,
526 538 596 572 me,
624 529 776 572 adsum,
805 529 876 573 qui
897 529 980 572 feei,
1006 528 1049 563 in
1072 539 1132 564 me
1155 529 1360 566 convertite
1381 532 1538 566 ferrum.
1599 567 1602 569 ,

335 604 367 636 8.
418 604 604 637 Diomedes
630 604 675 646 (Ι,
702 605 779 646 445,
806 605 849 637 25
874 604 983 646 Keil):

338 658 388 690 De
420 657 636 700 epanalepsi.
681 657 917 700 Epanalepsis
950 659 1005 691 est
1039 667 1121 692 eum
1156 659 1289 692 maiore
1323 658 1526 702 significatu
1564 659 1659 693 taeta

273 713 461 754 ‚repetitio‚
489 715 528 745 ut
551 715 605 745 est
628 713 665 745 in
690 713 839 745 Horatio
865 713 921 754 (c.
947 713 985 745 11
1011 714 1064 754 14,
1093 712 1146 755 1):
1705 702 1716 716 ’

604 765 712 800 Eheu
735 766 902 810 myaces,
930 762 1122 809 Postume,
1151 766 1342 809 Postume,

603 819 807 854 Labuntur
831 820 938 854 anni.

336 875 386 906 De
408 874 578 916 epizeuxi.
606 874 797 916 Epizeuxis
821 876 875 907 est
897 875 1057 908 eiusdem
1081 875 1245 908 dictionis
1261 875 1298 908 in
1314 875 1436 908 eodem
1453 885 1561 908 versu
1579 876 1659 908 sine

289 928 408 969 aliqua
432 928 599 962 dilatione
621 929 812 971 geminatio
835 939 916 962 eum
941 929 1075 971 impetu
1099 929 1410 972 pronuntiationis,
1437 931 1477 962 ut

423 981 495 1024 Me,
522 985 592 1025 me,
620 983 772 1025 adeum,
801 982 871 1026 qui
893 982 975 1025 feei,
1002 982 1046 1016 in
1069 993 1130 1017 me
1152 982 1359 1017 convertite
1379 983 1536 1025 smum,

428 1035 461 1070 O
483 1036 633 1078 Rutuli,
660 1046 746 1070 mea
768 1037 879 1070 fraus
902 1036 1039 1070 omnis.

334 1111 366 1144 9.
416 1111 616 1145 Martianus
648 1111 788 1154 Capella
823 1110 844 1155 ἓ
869 1111 913 1145 40
946 1111 1046 1155 (Pag.
1074 1111 1152 1153 481,
1182 1111 1223 1145 10
1247 1111 1365 1154 Halm,
1400 1121 1481 1155 pag,
1510 1110 1586 1153 178,
1614 1111 1656 1144 17

290 1166 554 1209 Eyssenhardt)
565 1177 573 1199 :

334 1217 558 1264 ῘΙαλιλλογία,
582 1220 730 1253 iteratio.
764 1220 862 1253 Haeo
884 1220 1002 1263 figura
1028 1220 1174 1262 repetito
1198 1220 1308 1253 verbo
1331 1222 1394 1253 aut
1417 1220 1560 1253 nomine
1582 1229 1653 1253 non

288 1275 431 1308 diversa
456 1275 532 1308 vult
555 1275 708 1317 intellegi
717 1275 759 1317 1),
794 1275 856 1308 sed
881 1275 1126 1308 vehementius
1150 1275 1296 1316 repetita
1321 1275 1511 1317 signifieat,
1538 1277 1578 1307 ut
1600 1276 1655 1307 est

290 1328 377 1370 (Cic.
405 1329 480 1362 Cat.
508 1328 526 1361 I
552 1328 574 1371 ξ
599 1328 653 1371 3):
678 1338 760 1371 nos,
788 1338 869 1370 nos,
898 1327 984 1362 dico
1008 1329 1149 1371 aperte,
1176 1337 1248 1362 nos
1270 1328 1444 1362 comtes
1459 1328 1650 1362 desumus.

328 1381 579 1426 Ἐπανάληψις,
609 1383 780 1425 repetitio.
813 1384 910 1416 Haec
933 1383 1052 1425 figura
1076 1393 1097 1416 a
1121 1383 1306 1425 superiore
1328 1383 1448 1425 distat,
1475 1382 1571 1425 quod
1594 1382 1653 1415 illa

287 1437 410 1469 eadem
442 1439 543 1479 parte
566 1438 738 1470 orationis
762 1437 909 1479 repetita
933 1437 1162 1479 coniungitur
1184 1439 1247 1469 aut
1269 1446 1343 1469 uno
1366 1437 1521 1469 alterove
1544 1437 1657 1469 verbo

286 1491 511 1532 interposito;
544 1492 580 1523 at
611 1491 698 1524 haee
729 1500 801 1523 non
832 1500 906 1523 una
937 1491 1038 1532 parte
1066 1490 1248 1532 orationis,
1276 1490 1339 1523 sed
1367 1492 1474 1532 prout
1496 1490 1649 1532 libuerit,

288 1545 429 1578 sociatis
461 1544 592 1587 verbis,
628 1546 667 1578 ut
690 1546 760 1578 est:
790 1554 870 1578 non
893 1545 1026 1588 potest
1048 1543 1140 1587 iam,
1167 1553 1247 1578 non
1265 1545 1395 1587 potest
1416 1543 1508 1578 haee
1532 1543 1655 1578 libera

287 1598 424 1633 civitas
447 1608 534 1633 esse.

333 1673 385 1706 10.
437 1673 589 1707 Carmen
613 1674 657 1706 de
680 1673 808 1715 figuris
835 1673 936 1715 (Pag.
964 1673 1007 1706 66
1032 1672 1172 1715 Halm):

430 1725 639 1766 Ἐπίζευξις.

287 1781 341 1814 75.
368 1781 423 1813 Fit
447 1781 638 1823 geminatio
661 1791 742 1813 cum
767 1790 896 1813 sensus
920 1781 1144 1822 geminamus
1168 1780 1322 1813 eosdem.

331 1835 502 1877 „Thebae
531 1836 649 1867 autem
681 1834 832 1876 Thebae,
861 1835 976 1881 vicina
1007 1834 1096 1868 urbs
1127 1835 1333 1875 inclutaque
1362 1833 1473 1867 olim’'
1508 1833 1649 1876 (Aeseh.

286 1889 388 1975 etz}
403 1887 555 1984 Ξαὲἓῗξ
573 1941 629 1975 mi
643 1943 745 1984 nate,
765 1951 872 1975 meae
886 1952 972 1984 spes
987 1942 1073 1976 sola
1088 1923 1258 1976 senectae
1275 1941 1396 1984 (Verg.
1413 1942 1499 1975 Aen.
1519 1942 1536 1975 Ι
1554 1941 1649 1984 664).

285 2061 323 2094 C.
375 2061 432 2094 De
470 2061 616 2093 variis
652 2061 927 2102 nominibus,
965 2060 1134 2101 quibus
1170 2060 1378 2093 rhetores
1413 2060 1574 2094 Graeci
1609 2061 1652 2093 et

374 2115 526 2147 Latini
557 2115 610 2147 ad
642 2115 842 2156 figuram
870 2114 1200 2156 geminationis
1223 2115 1265 2146 et
1288 2114 1394 2147 huie
1417 2114 1651 2147 assimiles

374 2168 555 2211 figuras
586 2168 904 2211 designandas
936 2168 1008 2200 usi
1040 2169 1157 2201 sunt.

329 2269 363 2290 α.
413 2258 469 2289 Ex
499 2257 710 2290 testimoniis
741 2257 856 2290 allatis
872 2256 901 2298 2)
927 2257 1090 2290 videmus
1114 2257 1267 2291 Graecos
1291 2257 1450 2290 rhetores
1474 2257 1519 2290 ad
1542 2257 1648 2299 gemi-

284 2311 464 2344 nationem
495 2320 617 2343 veram
650 2311 705 2343 vel
736 2311 819 2344 huic
850 2311 1024 2344 assimiles
1056 2311 1194 2354 figuras
1224 2311 1434 2345 indicandas
1461 2320 1548 2344 usos
1570 2319 1652 2343 esse

319 2415 344 2450 1)
383 2416 420 2443 cf.
440 2415 579 2451 Aquilam
600 2415 777 2454 Romanum,
798 2423 861 2450 pag.
881 2414 907 2442 6.

317 2462 343 2497 2)
383 2462 531 2498 Perquam
556 2461 680 2490 dubium
707 2461 780 2489 mihi
800 2465 854 2496 est,
874 2470 946 2489 num
968 2462 1096 2490 Rutilius
1117 2462 1217 2497 Lupus
1237 2462 1386 2499 huiusque
1405 2464 1508 2490 auctor
1526 2461 1651 2498 Gorgias

280 2518 382 2538 veram
407 2509 639 2544 geminationem
659 2506 845 2544 ἔπανάληψιν
865 2509 1070 2537 nominaverit.
1096 2509 1164 2536 Rut.
1185 2509 1284 2544 Lupus
1303 2509 1383 2536 enim
1404 2509 1425 2544 l,
1443 2507 1477 2536 11
1500 2516 1564 2544 pag.
1584 2508 1611 2544 8,
1630 2509 1646 2536 1

282 2556 368 2584 Halm
389 2557 424 2583 de
444 2556 613 2592 epanalepsi
633 2557 707 2584 haec
726 2555 841 2583 scribit:
868 2553 1097 2592 ,,Ἐπανάληψις.
1119 2556 1178 2584 Hoc
1197 2556 1319 2584 schema
1339 2555 1401 2584 fieri
1419 2557 1502 2591 solet,
1521 2563 1590 2583 cum
1609 2556 1649 2592 id,

280 2604 359 2639 quod
386 2604 499 2631 dictum
524 2604 617 2631 semel
643 2606 697 2638 est,
723 2611 783 2639 quo
810 2603 928 2638 gravius
954 2603 1001 2638 sit,
1028 2604 1163 2631 iteratur.
1191 2603 1222 2630 Id
1248 2603 1399 2631 interdum
1419 2602 1455 2630 fit
1472 2610 1532 2630 uno
1551 2603 1648 2638 verbo,

280 2650 431 2678 interdum
451 2650 582 2685 plurium
604 2650 760 2678 verborum
780 2651 995 2678 coniunctione.
1016 2650 1144 2678 Verbum
1164 2650 1206 2678 sic
1224 2650 1358 2678 iteratur.
1384 2650 1532 2685 Pytheas:
1552 2649 1648 2685 „Quid
