1932 3121
319 371 648 413 Exprobrationis:

314 640 391 673 277.

314 695 391 727 278.

314 749 393 783 279.

313 804 390 836 280.

312 858 389 891 281.

312 913 389 947 282.

311 968 389 1002 283.

307 1400 362 1433 81.

307 1454 363 1487 82.

305 1508 361 1541 83.

304 1618 358 1651 88.

303 1673 358 1706 89.

303 1727 359 1760 90.

302 1781 356 1815 91.

302 1836 356 1869 92.

301 1890 355 1924 93.

301 1945 355 1978 94.

296 2335 374 2367 465.

295 2443 373 2476 466.

294 2497 371 2530 467.

293 2551 371 2585 468.

293 2606 370 2639 469.

292 2660 369 2693 470.

983 272 1025 311 54

721 434 853 467 Andria
877 434 943 468 282
968 434 1106 479 (Mysis
1128 434 1283 479 Mysie):

483 518 663 545 Adulescens
689 527 756 546 cum
778 519 891 554 Myside
910 520 1018 548 ancilla
1037 521 1148 548 amicae

443 565 584 599 loquitur.
657 566 673 585 fl

754 642 872 674 ADUL.
900 641 1022 676 Adeon
1046 653 1103 676 me
1124 643 1291 686 ignavom
1315 646 1433 686 putas,

441 695 562 727 Adeon
586 704 694 736 porro
718 695 899 737 ingratum
922 698 985 728 aut
1008 695 1245 730 inhumanum
1268 700 1331 730 aut
1353 698 1482 740 ferum,

442 750 487 783 Ut
512 758 628 791 neque
652 759 708 782 me
730 749 950 782 consuetudo
975 759 1091 792 neque
1114 761 1214 785 amor
1238 761 1354 794 neque
1376 752 1493 794 pudor

441 804 670 837 Commoveat
693 813 809 845 neque
832 806 1064 851 commoneat,
1091 807 1132 838 ut
1155 815 1293 839 servem
1317 805 1454 839 fidem?

439 858 532 891 Ano.
556 858 676 892 Unum
697 858 764 891 hoc
780 858 863 900 scio,
887 867 967 891 esse
982 858 1076 892 hanc
1091 860 1265 903 meritam,
1287 862 1327 894 ut
1344 870 1478 894 memor
1493 869 1592 895 esses
1608 861 1677 894 sui.

439 914 560 947 Λυσι..
587 913 723 946 Memor
745 912 889 947 essem?
914 913 945 946 Ο
969 912 1093 957 Mysis
1115 914 1248 959 Mysis,
1275 916 1380 949 etiam
1404 923 1503 948 nunc
1527 915 1613 948 mihi

441 967 581 1010 Scripta
605 968 664 1001 illa
688 970 773 1001 sunt
796 968 832 1000 in
857 968 976 1001 animo
999 969 1091 1002 dicta
1096 995 1459 1004 .......

691 1098 891 1131 Eunuchus
915 1097 956 1131 91
984 1096 1118 1140 (Thais
1144 1097 1291 1140 Thais»

475 1183 619 1210 Phaedria
644 1183 816 1210 adulescens
838 1182 981 1210 Thaidem
1001 1182 1137 1209 meretri-

435 1238 499 1257 cem
520 1229 645 1257 amicam
664 1237 757 1263 suam,
777 1237 855 1264 quae
868 1229 961 1264 pridie
974 1237 1043 1257 eum
1057 1229 1137 1256 roms

436 1276 570 1311 exclusit,
590 1285 658 1304 cum
684 1276 909 1311 exprobratione
929 1276 1027 1303 dolore
1047 1276 1138 1303 mixto

433 1323 604 1358 alloquitur.

413 1400 514 1432 MER.
544 1398 677 1442 (secum).
705 1400 871 1432 Miseram
896 1398 968 1432 me!
993 1400 1124 1433 Vereor
1147 1409 1193 1432 ne
1215 1399 1304 1432 illud
1327 1401 1475 1442 gravius
1500 1401 1673 1434 Phaedria

412 1454 547 1486 Tulerit
571 1463 661 1486 neve
684 1454 854 1487 aliorsum
878 1456 985 1495 atque
1007 1464 1074 1496 ego
1097 1454 1163 1487 feci
1186 1455 1371 1496 acceperit,

411 1508 515 1546 Quod
539 1508 616 1541 heri
640 1509 737 1541 intro
761 1509 894 1541 missus
918 1518 990 1541 non
1014 1511 1067 1541 est
1071 1533 1435 1542 .......

411 1643 419 1651 .
469 1642 477 1650 .
530 1642 538 1650 .
589 1642 596 1650 .
648 1618 748 1650 MER.
778 1618 987 1659 (adulescentem
1003 1617 1163 1661 alloquens.)
1189 1618 1284 1656 Quid
1307 1618 1432 1652 noes?

408 1672 527 1705 ADUL.
557 1671 653 1704 Sane
675 1672 759 1712 quia
783 1681 867 1704 vero
890 1672 958 1704 hae
980 1672 1067 1704 mihi
1090 1674 1212 1714 patent
1236 1682 1376 1714 semper
1397 1673 1493 1705 fores

408 1727 479 1760 Aut
502 1726 587 1768 quia
612 1735 693 1758 sum
717 1726 812 1768 apud
837 1728 870 1759 te
894 1721 1045 1768 priinus.
1072 1727 1173 1760 MER.
1201 1727 1311 1760 Missa
1334 1726 1442 1760 istaec
1465 1727 1553 1761 face.

405 1782 527 1814 Λυσι..
554 1780 647 1819 Quid
676 1779 808 1813 ‘missa'
821 1780 838 1813 *ἓ
863 1791 884 1814 o
911 1779 1036 1823 Thais,
1066 1780 1191 1824 Thais,
1218 1779 1354 1815 utina‘m
1379 1784 1472 1815 esset
1495 1783 1581 1815 mihi

407 1836 498 1868 Pars
522 1844 636 1876 aequa
661 1835 791 1867 amoris
815 1837 932 1868 tecum
955 1845 996 1868 ac
1019 1836 1152 1878 pariter
1174 1836 1276 1869 fieret

405 1891 451 1924 Ut
474 1892 537 1923 aut
560 1890 628 1923 hoc
651 1889 713 1923 tibi
737 1890 869 1923 doleret
892 1890 1011 1923 itidem
1035 1892 1075 1923 ut
1098 1891 1185 1924 mihi
1208 1891 1312 1934 dolet,

405 1946 475 1977 Aut
498 1954 565 1986 ego
588 1945 680 1976 istuc
703 1944 768 1976 abs
792 1946 826 1976 te
849 1944 983 1977 factum
1008 1945 1107 1977 nihili
1132 1944 1339 1986 penderem!

644 2078 809 2111 Phormio
833 2078 898 2111 467
925 2078 1041 2120 (tete),
1068 2079 1134 2112 468
1159 2079 1219 2121 (ut
1241 2078 1322 2121 ut'):

447 2165 450 2168 ⁴
463 2163 525 2191 Sibi
541 2162 697 2198 exprobrat
712 2161 841 2197 Antipho
855 2162 1037 2198 adulescens,
1046 2164 1124 2198 quod

426 2209 648 2238 matrimonium
669 2217 758 2236 suum
777 2217 836 2237 non
855 2210 917 2245 ipse
936 2218 953 2237 a
972 2213 1055 2245 patre
1075 2210 1126 2237 de-

425 2257 528 2291 fendit,
553 2256 604 2284 sed
628 2256 828 2284 defensionem
849 2257 951 2284 amicis
970 2257 1123 2292 delegavit.

424 2333 530 2366 Enim
555 2342 651 2374 vero,
679 2332 843 2374 Antipho,
871 2333 1089 2365 multimodis
1112 2342 1193 2366 cum
1217 2333 1306 2366 istoc
1331 2334 1450 2367 animo
1473 2344 1511 2367 es

1388 2388 1659 2430 vituperandus.

422 2443 524 2476 Itane
555 2443 590 2475 te
620 2441 703 2473 hinc
734 2441 851 2474 abisse
878 2444 911 2474 et
936 2442 1044 2475 vitam
1068 2443 1167 2474 tuam
1191 2441 1378 2475 tutandam
1401 2442 1480 2475 aliis
1503 2442 1660 2476 dedisse!

421 2497 517 2530 Alios
528 2498 628 2529 tuam
642 2504 717 2528 rem
730 2496 1032 2539 credidistimagis
1041 2505 1149 2538 quam
1161 2496 1233 2530 tete
1239 2496 1398 2530 animum
1408 2497 1631 2531 advorsurus
1641 2497 1659 2532 ἓ

420 2551 511 2584 Nam
523 2551 569 2584 ut
580 2550 626 2584 ut
637 2552 739 2583 erant
751 2550 830 2593 alia,
846 2551 895 2584 illi
908 2553 1001 2584 certe
1012 2561 1106 2593 quae
1118 2560 1215 2584 nunc
1226 2551 1290 2584 tibi
1302 2551 1433 2585 domist
1441 2552 1656 2595 consuleres,

420 2606 560 2647 Nequid
583 2607 729 2647 propter
752 2609 850 2638 tuam
874 2606 982 2639 fidem
1006 2606 1151 2648 decepta
1175 2607 1356 2648 poteretur
1379 2607 1483 2640 mali:

419 2659 510 2698 Quoi
534 2670 632 2693 nunc
655 2659 806 2694 miserae
828 2669 910 2702 spes
934 2670 1092 2703 opesque
1115 2661 1200 2694 sunt
1223 2660 1311 2694 inte
1327 2671 1400 2695 uno
1415 2652 1539 2694 omnes
1556 2661 1655 2695 sitae.
