1932 3121
759 681 1016 736 CAPUT
1061 682 1143 736 III.

632 866 737 898 Loci
782 875 834 898 ex
879 865 1042 898 Plauto
1078 867 1128 898 ‘et
1173 866 1383 899 Terentio
1427 866 1624 908 collecti,

580 919 658 952 ubi
682 928 818 952 verae
840 919 1176 962 geminationes
1198 920 1427 962 leguntur,
1448 920 1627 953 adiecto

580 973 718 1006 animi
752 973 927 1006 affectu
962 974 1089 1006 vocis
1119 974 1357 1015 simplicis,
1389 974 1466 1016 qui
1497 974 1626 1017 gemi-

580 1028 767 1061 natione
800 1030 1099 1061 asseveratur
1131 1027 1376 1071 (divisione
1405 1028 1626 1061 instituta

579 1082 827 1116 secundum
851 1082 991 1115 animi
1013 1082 1215 1115 affectus
1239 1082 1424 1124 varios).

267 1197 308 1229 A.
358 1196 421 1229 Ex
445 1196 607 1229 Plauto
623 1195 664 1238 1).

608 1299 661 1332 Ad
684 1299 978 1342 significationem
1001 1300 1276 1332 asseverandam
1297 1321 1301 1324 -

266 1381 552 1415 Adhortationis
561 1392 569 1415 :

265 1698 322 1732 29.

265 1752 322 1786 30.

265 1805 320 1840 31.

266 1861 336 1894 32³.

265 1914 320 1948 33.

264 1968 320 2002 34.

264 2023 320 2056 35.

264 2077 319 2111 36.

264 2131 319 2165 37.

265 2185 319 2219 38.

263 2240 319 2274 39.

264 2294 319 2327 40.

263 2348 306 2381 41
312 2373 320 2381 .

263 2456 318 2489 42.

263 2510 318 2543 43.

712 1465 875 1499 Asinaria
898 1465 941 1499 39
968 1464 1056 1509 (aye
1078 1464 1183 1509 aye):

416 1540 544 1567 Libanus
577 1548 680 1567 servus
713 1548 815 1567 senem
850 1548 935 1567 erum
963 1549 1052 1567 suum

380 1587 552 1622 alloquitur,
581 1587 633 1622 qui
661 1594 782 1614 uxorem
805 1586 908 1614 fallere
930 1589 1055 1614 conatur

375 1634 580 1668 auxiliumque
599 1634 675 1660 servi
694 1633 817 1660 invocat.

373 1698 492 1732 SERV.
520 1698 582 1731 Dic
604 1698 752 1731 obsecro
775 1698 892 1732 hercle
915 1698 1008 1731 serio
1030 1698 1126 1740 quod
1149 1700 1184 1731 te
1206 1708 1341 1741 rogem:

371 1753 466 1786 Cave
495 1752 582 1785 mihi
605 1752 765 1786 mendaci
788 1752 992 1794 quicquam.
1028 1747 1173 1786 Sfimtx.
1199 1752 1292 1791 Quin
1316 1754 1355 1785 tu
1377 1761 1463 1794 ergo
1486 1752 1622 1794 rogas?

372 1805 491 1840 Smw.
518 1806 612 1839 Num
635 1815 692 1839 me
713 1806 796 1847 illuc
819 1806 932 1849 ducis,
959 1806 1021 1840 ubi
1044 1806 1135 1849 lapis
1157 1806 1307 1849 lapidem
1330 1805 1438 1839 terit?
1457 1813 1461 1816 ”

373 1860 464 1894 ΞΕΝ.
491 1857 585 1899 Quid
607 1861 700 1894 istuc
722 1862 776 1893 est
798 1862 861 1894 aut
884 1860 947 1894 ubi
970 1861 1063 1895 istuc
1084 1862 1138 1894 est
1159 1862 1334 1894 terrarum
1357 1859 1451 1893 loci?

372 1914 490 1948 SERV.
517 1914 621 1956 Apud
644 1914 889 1956 fustitudinas,
916 1907 1165 1957 ferricrepinas
1187 1914 1334 1955 insulas,

369 1968 438 2003 Ubi
461 1969 563 2002 vivos
586 1968 748 2002 homines
771 1969 903 2002 mortui
925 1969 1112 2003 incursant
1134 1968 1253 2002 boves.

372 2023 463 2066 SEN.
490 2023 595 2055 Modo
617 2023 676 2064 pol
698 2024 849 2065 percepi,
877 2023 1020 2065 Libane,
1047 2023 1132 2064 quid
1155 2023 1246 2055 istuc
1269 2023 1314 2055 sit
1336 2023 1418 2056 loci:

369 2077 437 2111 Ubi
460 2077 501 2110 fit
524 2077 676 2120 polenta,
702 2079 737 2110 te
759 2077 912 2111 fortasse
933 2076 1061 2111 dicere.
1089 2075 1206 2110 SERV.
1233 2076 1297 2118 Ah,

368 2132 490 2173 Neque
512 2132 629 2164 hercle
651 2141 717 2174 ego
739 2132 832 2166 istuc
855 2132 933 2165 dico
956 2141 1020 2165 nec
1042 2131 1174 2165 dictum
1198 2131 1277 2164 volo

369 2186 488 2227 Teque
509 2186 657 2219 obsecro
679 2186 807 2228 hercle,
833 2187 874 2219 ut
896 2196 989 2228 quae
1010 2185 1163 2219 locutu’s
1186 2185 1352 2227 despuas.

371 2239 462 2274 SEN.
489 2240 583 2274 Fiat:
608 2242 753 2283 geratur
776 2250 854 2274 mos
876 2241 951 2274 tibi.
980 2240 1097 2274 SERV.
1124 2240 1217 2283 Aye,
1243 2249 1325 2284 aye,
1352 2250 1470 2283 usque
1479 2251 1620 2275 excrea.

370 2294 460 2327 Sim.
469 2294 653 2328 Etiamne?
665 2294 782 2328 SERV.
790 2295 865 2338 Age
873 2304 1005 2337 quaeso
1013 2295 1128 2328 hercle
1135 2304 1252 2336 usque
1258 2304 1302 2328 ex
1310 2295 1440 2337 penitis
1448 2295 1624 2329 faucibus.

368 2348 485 2381 Etiam
517 2349 684 2391 amplius.
724 2348 816 2382 Sim.
854 2349 943 2382 Nam
977 2358 1049 2391 quo
1081 2348 1225 2390 usque?
1264 2348 1398 2383 SERv.-
1422 2350 1545 2392 Usque
1577 2350 1624 2383 ad

1355 2405 1505 2437 mortem
1529 2405 1619 2437 volo.

370 2456 461 2489 SEN.
489 2457 585 2490 Cave
607 2457 657 2490 sis
680 2457 808 2490 malam
833 2467 918 2490 rem.
947 2456 1067 2490 SERV.
1093 2457 1222 2490 Uxoris
1245 2457 1334 2499 dico,
1362 2468 1434 2503 non
1457 2459 1568 2492 tuam.

370 2510 488 2543 SERv.
517 2511 616 2544 Dono
639 2513 674 2543 te
695 2511 741 2544 ob
763 2511 855 2544 istuc
877 2511 1021 2552 dictum,
1048 2512 1088 2543 ut
1110 2520 1238 2552 expers
1261 2512 1312 2544 sis
1336 2514 1444 2546 metu.

300 2643 327 2678 1)
363 2644 489 2672 Textum
508 2647 629 2672 secutus
647 2653 714 2672 sum
734 2644 847 2672 Goetzii
866 2646 897 2671 et
915 2643 1061 2679 Schoenii‚
1081 2644 1125 2672 ed.
1146 2645 1197 2672 alt.
