1932 3121
940 267 984 299 45

273 368 450 413 ‚Stuporis
459 381 467 404 ε

275 656 353 690 758.

275 764 352 797 757.

275 817 354 851 760.

276 872 352 906 761.

274 926 352 960 762.

277 980 352 1014 763.

274 1035 353 1069 764.

274 1089 352 1123 765.

273 1143 351 1177 766.

274 1254 353 1288 767.

272 1308 352 1342 768.

272 1528 349 1562 791.

272 1582 349 1616 792.

271 1691 348 1724 793.

646 449 859 491 Amphitruo
882 448 947 482 765
972 449 1103 491 (mane
1125 448 1271 490 mane):

441 534 618 569 Amphitruo
643 535 764 562 domum
792 534 921 567 revertit,
948 537 1104 570 postquam

405 581 536 616 luppiter
553 589 728 616 congressus
746 584 793 608 est
810 589 879 608 cum
900 581 1047 608 Alcmena.

402 657 474 689 ΑΜ.
502 657 603 689 Tune
633 666 689 689 me
720 656 796 689 heri
827 655 1015 689 advenisse
1044 657 1131 690 dieis
1142 656 1160 690 ἓ
1193 657 1316 692 ALCM.
1350 657 1430 689 Tun
1462 659 1497 689 te
1524 656 1643 689 abisse

1266 711 1371 743 hodie
1393 711 1477 743 hinc
1501 709 1640 752 negas?

401 764 472 798 AM.
479 764 577 806 Nego
582 764 764 798 enimvero
772 767 806 797 et
814 773 871 797 me
878 764 1046 797 advenire
1054 774 1151 798 nunc
1159 764 1315 806 primum
1323 765 1380 798 aio
1389 764 1435 797 ad
1442 766 1478 797 te
1484 764 1640 797 domum.

403 817 524 851 ALGM.
539 818 707 860 Obsecro,
730 818 883 852 etiamne
902 818 968 851 hoc
987 818 1146 860 negabis,
1169 821 1204 851 te
1222 828 1369 851 auream
1382 820 1542 860 pateram
1554 817 1640 850 mihi

403 872 550 906 Dedisse
572 873 667 906 dono
689 872 804 916 hodie,
831 872 960 916 quate
982 873 1031 906 illi
1054 872 1225 907 donatum
1249 883 1329 907 esse
1351 871 1522 907 dixeras?

401 927 474 960 ΑΜ.
500 927 623 969 Neque
652 927 773 969 edepol
797 927 878 960 dedi
902 937 1017 968 neque
1039 927 1130 960 dixi:
1162 937 1288 961 verum
1311 928 1360 961 ita
1384 928 1564 961 animatus
1587 927 1639 959 fui

402 981 529 1023 Itaque
552 991 649 1014 nunc
673 991 765 1023 sum,
794 983 832 1014 ut
854 991 895 1014 ea
918 983 953 1014 te
972 984 1093 1024 patera
1109 982 1249 1014 donem.
1279 981 1348 1014 Sed
1365 982 1452 1024 quid
1467 982 1560 1014 istuc
1575 981 1639 1013 tibi

404 1035 525 1069 Dixit?
546 1036 669 1070 ALcm.
692 1037 769 1079 Ego
788 1036 951 1078 equidem
972 1045 1016 1070 ex
1035 1038 1070 1069 te
1089 1036 1210 1069 audivi
1222 1038 1256 1070 et
1268 1046 1312 1070 ex
1324 1039 1386 1070 tua
1398 1036 1516 1078 accepi
1527 1045 1638 1069 manu

402 1090 576 1123 Pateram.
588 1091 659 1123 ΑΜ.
672 1089 788 1124 Mane
795 1089 955 1132 martel),
967 1090 1114 1123 6bsecro
1122 1092 1167 1123 te.
1179 1090 1294 1123 NImis
1302 1090 1468 1131 demiror,
1480 1090 1583 1123 sosia
1591 1089 1634 1132 2),

401 1144 470 1183 Qui
486 1145 585 1179 illaec
601 1145 670 1179 illic
682 1154 738 1179 me
749 1145 920 1178 donatum
932 1153 1013 1181 esse
1021 1154 1130 1178 aurea
1142 1146 1264 1187 patera
1279 1144 1338 1187 (cf.
1355 1144 1431 1186 260,
1446 1144 1523 1186 419,
1539 1143 1635 1186 534.)

1549 1200 1637 1233 sciat

402 1254 478 1287 Nisi
502 1256 541 1287 tu
565 1254 701 1287 dudum
725 1254 817 1287 hanc
839 1254 1036 1287 convenisti
1059 1255 1093 1287 et
1116 1254 1309 1287 narravisti
1333 1255 1419 1288 haec
1441 1255 1571 1288 omnia.

403 1308 530 1342 SOSIA.
546 1309 668 1351 Neque
679 1309 801 1351 edepol
812 1318 878 1351 ego
889 1308 962 1341 dixi
975 1317 1091 1350 neque
1101 1308 1206 1342 istam
1220 1309 1292 1341 vidi
1304 1309 1373 1341 nisi
1385 1311 1500 1342 tecum
1514 1309 1632 1342 simul.

581 1437 791 1479 Amphitruo
816 1437 877 1470 791
904 1436 1094 1480 (Iuppiter
1117 1436 1325 1480 Iuppiter):

758 1526 875 1559 Sosm
900 1525 1068 1559 Smwus.
1095 1524 1276 1569 Iuppiter,
1297 1535 1375 1569 pro
1399 1525 1586 1569 Iuppiter.

398 1582 528 1614 AMPH.
563 1581 656 1619 Quid
687 1580 812 1614 tibist?
847 1580 974 1614 SOSIA.
1010 1581 1078 1614 Hic
1108 1582 1230 1622 patera
1262 1581 1360 1613 nulla
1391 1581 1428 1613 in
1457 1582 1630 1615 cistulast.

1135 1635 1264 1668 ΑΜΡΗ.
1291 1635 1385 1673 Quid
1408 1645 1474 1678 ego
1496 1636 1633 1669 audio?

401 1690 529 1724 SOSIA.
557 1690 598 1723 Id
622 1690 718 1731 quod
743 1691 912 1723 verumst.
945 1690 1074 1725 ΑΜΡΗ.
1100 1690 1144 1722 At
1166 1699 1247 1722 cum
1271 1689 1431 1722 cruciatu
1453 1690 1536 1732 iam,
1564 1691 1633 1723 nisi

1370 1748 1528 1787 apparet,
1555 1747 1629 1778 tuo.

603 1877 796 1913 Bacchides
819 1877 882 1909 411
910 1875 961 1919 (ei
983 1875 1082 1909 mihi
1105 1875 1140 1910 ei
1162 1875 1296 1918 milzi):

436 1962 536 1998 Lydus
571 1971 672 1990 servus
706 1962 890 1997 paedagogus
923 1969 991 1989 cum
1020 1961 1095 1988 adu-
1129 1960 1133 1965 ¹

399 2011 527 2037 lescente
547 2018 596 2038 ero
615 2018 669 2037 suo
682 2010 804 2044 minore,
819 2012 919 2044 postea
931 2007 1011 2042 (405)
1025 2017 1093 2036 cum

324 2076 326 2078 -
397 2065 467 2085 sene
487 2065 537 2084 ero
556 2065 610 2084 suo
631 2057 740 2089 maiore
759 2056 900 2091 loquitur.

200 2182 204 2190 ‚
270 2134 346 2167 145.

264 2188 346 2222 146.

267 2350 347 2384 405.

265 2405 345 2439 406.

396 2134 516 2166 PAED.
542 2133 596 2165 Tu
615 2132 764 2165 amicam
785 2131 960 2165 habebis?
984 2133 1104 2165 ADUL.
1127 2132 1243 2170 Quom
1263 2133 1411 2175 videbis,
1433 2135 1511 2167 tum
1527 2135 1630 2169 scies.

397 2188 516 2220 PAED.
561 2187 676 2220 Immo
715 2196 830 2228 neque
863 2186 1010 2219 habebis
1046 2195 1162 2228 neque
1196 2187 1330 2220 sinam:
1373 2186 1516 2230 fiturus
1551 2199 1632 2223 sum

912 2240 1068 2273 domum.
1097 2239 1229 2282 (somme
1244 2251 1279 2273 ad
1293 2253 1400 2278 patrem
1416 2244 1631 2284 admonendum)

396 2351 514 2383 ΡΑΕΙ).
541 2351 645 2383 Nunc
667 2350 839 2392 experiar,
866 2349 957 2382 sitne
980 2351 1078 2382 aceto
1101 2349 1166 2382 tibi
1189 2359 1249 2383 cor
1272 2360 1354 2383 acre
1377 2351 1414 2383 in
1438 2322 1594 2393 pectore:

398 2404 565 2447 Sequere.
595 2403 739 2437 SENEx.
767 2403 846 2442 Quo
869 2402 1027 2445 sequar?
1052 2402 1132 2442 Quo
1155 2403 1259 2438 ducis
1282 2414 1380 2438 nunc
1402 2405 1486 2439 me?

1077 2459 1196 2493 PAED.
1222 2460 1276 2492 Ad
1299 2460 1394 2493 illam
1418 2471 1511 2503 quae
1533 2463 1632 2495 tuom

305 2569 331 2603 1)
369 2571 499 2598 Aceentu
520 2573 637 2598 mutato
656 2573 686 2597 et
704 2569 882 2606 quantitate.

304 2615 328 2650 2)
366 2617 543 2652 Amphitruo
563 2617 734 2645 Alcmenam
754 2616 871 2650 retinet,
890 2623 928 2642 ne
944 2616 1038 2643 abeat.
1058 2616 1164 2643 Postea
1177 2616 1289 2644 Sosiam
1304 2625 1421 2644 servum
1436 2625 1524 2644 suum
1539 2618 1631 2644 inter-

266 2666 360 2698 rogat,
381 2671 452 2691 num
472 2664 497 2691 is
516 2664 592 2691 sorte
613 2664 770 2691 Alcmenae
790 2662 945 2690 consilium
965 2663 1138 2691 narraverit.
