1932 3121
302 380 379 414 186.

303 489 378 523 187.

303 542 380 577 188.

304 597 381 631 189.

306 910 383 944 133.

309 964 384 998 134.

308 1425 386 1459 299.

309 1479 387 1512 300.

311 1589 388 1621 306.

311 1643 389 1676 307.

311 1697 389 1730 308.

312 1750 389 1784 309.

313 1860 391 1893 310.

313 1914 391 1947 311.

317 2172 393 2206 613.

317 2281 394 2314 614.

318 2390 395 2423 615.

318 2497 397 2532 620.

965 279 1008 312 32

427 381 494 413 An.
524 380 652 414 Certen
676 381 793 415 vidit-‘2’
821 381 941 415 Smw.
967 377 1056 414 Tam
1079 381 1197 414 hercle
1215 383 1320 423 eei-te,
1347 391 1455 424 quam
1475 377 1542 424 ego
1557 383 1592 415 te
1606 383 1669 415 aut

429 489 497 522 AD.
523 489 685 522 Ubi'eam
702 489 819 523 vidit?
839 489 958 523 SERV.
978 490 1084 523 Intus
1099 489 1194 523 intra
1210 495 1351 533 navem,
1370 437 1534 533 ιιίῗτοῖιί
1544 435 1666 532 ἒῗὶῖιῗ,

429 543 476 576 Et
498 553 580 576 cum
604 553 645 576 ea
669 543 943 578 oonfabulatast.
969 544 1036 577 AD.
1060 543 1250 577 Perdidisti
1273 552 1340 588 me,
1366 545 1478 588 pater.

432 597 488 640 (Ad
503 612 612 630 servum
626 613 654 630 se
669 597 802 641 venem).
837 597 922 632 Eho
957 599 1010 640 tu,
1045 597 1113 632 eho
1147 598 1200 641 tu,
1234 599 1322 640 quin
1353 596 1490 642 cavisti,
1524 609 1570 634 ne
1592 609 1670 633 eam

1319 652 1466 695 videret,
1493 652 1670 687 verbero?
1688 697 1692 704 ..

641 771 840 803 Pseudolus
865 771 929 804 133
955 769 1067 812 (exite
1088 771 1183 813 agite
1205 769 1332 812 exite):

433 845 514 872 Leno
533 845 624 872 servis
642 845 711 872 suis.

433 912 553 944 LENO.
566 910 686 952 Exite,
698 910 804 954 ayite
812 909 907 945 exite
914 910 956 953 1),
968 911 1103 953 Ignavi,
1115 911 1206 944 male
1213 910 1323 944 habiti
1332 912 1367 944 et
1375 909 1470 944 male
1477 911 1668 945 conciliati.

434 965 594 1003 Quorum
625 974 813 1007 nunquam
842 965 1033 1007 quicquam
1057 964 1251 1007 quoiquam
1275 964 1373 998 venit
1394 964 1432 998 in
1456 965 1609 999 mentem
1633 967 1674 998 ut

1411 1021 1505 1053 reete
1526 1019 1671 1054 faciant.

542 1175 544 1177 ’
611 1192 811 1224 Pseudolus
835 1191 900 1224 307
927 1190 1007 1233 (det
1030 1191 1121 1233 det),
1148 1191 1214 1224 310
1239 1191 1377 1234 (utum

473 1266 552 1293 Leno
587 1266 809 1293 adulescentem
843 1273 944 1293 amore
979 1265 1138 1300 perditum,

437 1312 554 1339 nullum
591 1312 751 1339 habentem
787 1319 955 1346 nummum,
984 1312 1139 1339 minaciter

437 1362 468 1386 et
486 1359 679 1394 contemptim
700 1359 871 1394 alloquitur.

437 1426 503 1458 AD.
518 1425 631 1458 Nimis
643 1425 751 1458 miser
760 1435 858 1458 sum:
874 1435 1062 1458 nummum
1072 1435 1252 1467 nusquam
1261 1425 1417 1468 reperire
1424 1425 1563 1467 argenti
1571 1434 1675 1467 quen.

438 1480 493 1512 Ita
516 1479 624 1512 miser
647 1481 681 1512 et
704 1488 826 1512 amore
848 1489 954 1521 pereo
977 1482 1016 1518 et
1033 1479 1153 1521 inopia
1177 1479 1391 1522 argentaria.

440 1558 561 1621 latmo.
579 1588 659 1621 Non
675 1590 729 1621 est
741 1559 1063 1630 iustus-quisquam
1075 1558 1213 1621 amator
1219 1559 1294 1621 nisi
1306 1559 1369 1630 qui
1381 1559 1567 1630 perpetuat
1578 1587 1678 1620 data:

439 1641 524 1684 Det,
552 1641 616 1676 det
638 1652 770 1684 usque:
795 1643 940 1685 quando
963 1643 1014 1675 nil
1037 1643 1094 1685 sit,
1120 1643 1228 1676 simul
1250 1652 1372 1676 amare
1393 1642 1543 1675 desinat.

439 1697 508 1730 AD.
534 1697 637 1729 Nilne
659 1698 694 1729 te
710 1696 880 1730 miseret?
905 1697 1027 1730 LENO.
1054 1697 1179 1730 Inanis
1195 1696 1311 1730 cedis:
1335 1696 1429 1729 dicta
1445 1705 1517 1728 non
1534 1697 1677 1729 sonant.
1728 1696 1734 1701 '

438 1751 554 1792 Atque
565 1760 632 1793 ego
643 1752 678 1783 te
690 1752 808 1784 vivom
821 1752 1031 1793 salvumque
1039 1751 1177 1784 vellem.
1196 1750 1354 1784 SERvus
1365 1749 1465 1793 (fldem
1473 1748 1676 1792 aauzaeoema).

531 1841 534 1845 ,
1194 1805 1284 1847 Eho,
1311 1814 1357 1838 an
1381 1804 1452 1838 iam
1475 1803 1680 1837 mortuost?

441 1860 563 1892 LENO.
585 1858 678 1893 Utut
688 1861 753 1901 est,
769 1859 856 1892 mihi
868 1859 1010 1901 quidem
1025 1859 1183 1901 profecto
1195 1869 1276 1892 cum
1287 1859 1368 1892 istis
1379 1858 1482 1891 dictis
1491 1859 1679 1895 mortuost.
1701 1892 1704 1895 ,

441 1914 527 1947 Ilico
550 1914 638 1946 vixit
661 1915 810 1955 amator,
837 1913 900 1946 ubi
922 1914 1041 1946 lenoni
1065 1913 1252 1955 supplicat.

647 2032 888 2065 Truculentus
912 2031 975 2064 621
1003 2029 1101 2073 (iam
1124 2029 1206 2064 iam
1230 2029 1349 2072 iam):

445 2106 528 2133 Miles
547 2114 616 2133 cum
636 2114 718 2133 servo
738 2106 835 2133 alieno
854 2106 997 2141 loquitur.

444 2172 535 2205 MIL.
568 2171 725 2204 Verbum
757 2181 869 2204 unum
902 2171 993 2204 adde
1019 2171 1126 2204 istoc:
1153 2155 1229 2204 'iam
1254 2170 1371 2204 hercle
1392 2179 1459 2213 ego
1481 2171 1516 2203 te
1538 2169 1596 2203 hie
1618 2170 1685 2203 bae

1362 2224 1499 2258 offatim
1521 2223 1681 2267 offigam.

448 2280 568 2314 SERv.
596 2281 719 2322 Tange
742 2280 866 2313 modo:
892 2280 962 2312 iam
981 2289 1047 2322 ego
1062 2281 1097 2312 te
1112 2279 1169 2312 hic
1184 2289 1318 2321 agnum
1334 2278 1462 2312 faciam
1478 2280 1513 2311 et
1528 2278 1685 2311 medium

1438 2332 1683 2366 distruneabo.

448 2389 487 2422 Si
509 2391 549 2422 tu
573 2389 619 2422 ad
643 2389 817 2431 legionem
841 2389 988 2422 bellator
1012 2389 1119 2430 elues,
1146 2390 1182 2421 at
1205 2397 1272 2430 ego
1294 2388 1331 2420 in
1356 2387 1474 2421 eulina
1497 2387 1607 2420 clueo.

455 2464 1595 2476 ····················

446 2498 535 2531 Mn..
564 2498 656 2531 Perii
680 2498 797 2531 hercle
821 2497 935 2540 hodie,
963 2497 1031 2530 nisi
1056 2497 1152 2531 huno
1175 2506 1196 2530 a
1216 2498 1251 2530 te
1270 2495 1386 2539 abigo.
1416 2495 1536 2529 SERV.
1554 2495 1688 2529 Aceede

1157 2551 1227 2584 hue
1250 2550 1366 2592 modo,
1393 2550 1452 2583 adi
1474 2550 1546 2582 huc
1567 2549 1692 2584 modo..

358 2668 382 2702 1)
422 2672 546 2696 accentu
567 2671 690 2695 mutato.
