1932 3121
694 549 1167 604 PRAEFATIO.

293 728 504 763 Commotus
540 726 701 761 oratione
735 726 837 760 Birtii
848 725 890 770 1),
929 727 991 769 qui
1024 725 1069 761 de
1104 727 1222 761 verbis
1256 727 1444 770 geminatis
1482 726 1613 760 ‘valent

251 781 383 822 velent?
408 791 520 825 agens
550 781 595 815 de
617 781 854 825 geminatione
875 781 1035 816 nondum
1058 781 1177 816 omnia
1189 772 1280 815 'esse
1301 781 1394 815 dicta
1417 781 1608 823 contendit,

251 837 346 870 hanc
367 846 443 870 rem
465 836 594 869 iterum
617 836 771 869 tractare
792 836 969 869 constitui.
996 836 1163 870 Perleetis
1185 836 1291 878 enim,
1318 845 1411 878 quae
1433 834 1609 877 Pottius2)

249 892 286 924 et
316 887 580 936 Woelfflinusss)
612 890 657 923 de
685 889 808 923 eodem
836 891 1047 933 argumento
1076 890 1308 933 scripserunt,
1343 889 1495 923 Birtium
1519 893 1612 924 recte

250 945 429 979 iudicasse
466 944 553 977 mihi
590 944 692 978 facile
725 948 900 986 persuasi.
943 945 1080 978 Pottius
1114 944 1209 978 enim
1243 945 1402 986 exempla
1436 954 1457 977 e
1490 945 1611 978 multis

251 995 402 1042 linguis*
419 998 528 1032 totius
562 998 660 1032 orbis
693 999 870 1031 terrarum
904 999 1011 1041 petita
1045 998 1194 1041 collegit,
1231 1007 1409 1040 perpauca
1442 1000 1560 1032 tamen
1591 1008 1612 1031 e

250 1053 375 1096 lingua
406 1052 543 1098 Latina,
570 1052 794 1086 Woelfflinus
815 1054 934 1086 autem
956 1054 1065 1086 totam
1088 1052 1248 1096 linguam
1271 1052 1435 1086 Latinam
1457 1055 1610 1086 oontem-
1672 1093 1680 1099 ⁴

252 1108 372 1151 platus
395 1107 555 1150 exempla
579 1107 787 1150 praesertim
803 1117 823 1141 e
846 1107 997 1142 Plauti
1019 1109 1054 1141 et
1076 1107 1278 1141 Terentii
1301 1107 1432 1141 fabulis
1448 1108 1607 1150 eontulit,

251 1162 317 1196 sed
347 1171 463 1204 neque
492 1162 611 1197 omnia
640 1162 828 1205 congessit,
855 1171 970 1204 neque
991 1171 1036 1195 ex
1058 1162 1227 1204 exemplis
1250 1161 1403 1195 collectis
1425 1162 1512 1204 quid
1534 1162 1610 1196 effl-

250 1216 417 1250 ciendum
448 1217 553 1259 esset,
587 1218 681 1250 recte
709 1216 898 1259 perspexit.
931 1216 1208 1259 Nonnumquam
1231 1216 1326 1250 enim
1348 1216 1542 1250 divisiones
1564 1217 1610 1250 ab

250 1280 295 1304 eo
317 1270 500 1304 institutae
522 1271 614 1304 int'er
637 1281 676 1304 se
698 1272 861 1313 pugnant
883 1272 990 1313 atque
1007 1270 1096 1304 adeo
1111 1280 1252 1304 summa
1266 1271 1344 1304 eius
1358 1270 1610 1313 disputationis

253 1325 340 1358 mihi
370 1325 514 1368 probari
544 1334 650 1368 posse
680 1335 751 1358 non
783 1325 932 1358 videtur.
967 1325 1152 1358 Praeterea
1181 1325 1374 1358 divisiones
1402 1325 1502 1367 ipsae
1523 1326 1611 1358 mihi

253 1380 374 1413 minus
405 1381 498 1422 reete
528 1380 642 1412 iactae
671 1379 837 1412 videntur
865 1388 981 1421 neque
1003 1379 1051 1412 ita
1074 1381 1114 1412 ut
1136 1388 1194 1412 res
1216 1379 1295 1420 ipsa
1318 1380 1352 1412 et
1376 1379 1431 1412 vis
1454 1380 1610 1421 gemina-

251 1433 360 1466 tionis
394 1433 548 1467 dilucide
581 1433 815 1466 illustrentur.
852 1433 931 1471 Qua
964 1433 1009 1466 de
1042 1442 1150 1466 causa
1183 1442 1311 1475 operae
1343 1433 1497 1475 pretium
1531 1443 1612 1467 esse

250 1488 453 1521 existimavi
484 1497 558 1521 rem
590 1488 718 1521 iterum
748 1489 910 1529 tractare,
937 1488 1000 1520 sed
1027 1488 1075 1520 ita
1098 1489 1139 1520 ut
1162 1497 1234 1520 non
1256 1487 1467 1529 describam,
1494 1486 1611 1529 qualis

251 1542 397 1576 fortuna
420 1544 455 1575 et
479 1551 558 1575 sors
582 1541 829 1585 geminationis
852 1551 915 1584 per
937 1550 1061 1575 omnes
1083 1541 1218 1575 litteras
1241 1541 1387 1575 Latinas
1409 1541 1528 1585 fuerit,
1547 1542 1610 1576 sed

253 1597 294 1629 ut
316 1606 361 1630 ex
383 1596 554 1639 exemplis
576 1606 597 1630 e
619 1596 736 1639 prisco
755 1596 880 1630 Latino
897 1605 1059 1629 sermone
1073 1595 1209 1629 collatis
1216 1595 1245 1638 4)
1263 1596 1499 1638 intellegatur,
1518 1606 1611 1638 quae

254 1660 339 1684 vera
374 1651 429 1683 vis
463 1651 499 1683 in
530 1650 771 1693 >geminatione
804 1650 889 1683 insit
922 1652 956 1683 et
990 1650 1076 1692 quid
1109 1648 1209 1694 ψυχή
1241 1652 1363 1683 nostra
1395 1650 1462 1683 hac
1491 1650 1610 1693 figura

251 1705 456 1748 significare
487 1705 637 1747 studeat,
671 1706 738 1739 hac
767 1705 804 1738 in
834 1714 873 1738 re
902 1705 1031 1738 ductus
1058 1704 1197 1746 legibus
1225 1704 1484 1747 psychologiae,
1519 1715 1611 1747 quas

254 1760 320 1792 viri
344 1760 437 1792 docti
460 1760 632 1792 hactenus
656 1759 768 1802 nimis·
785 1759 982 1801 neglexisse
1005 1758 1182 1791 videntur.

291 1872 316 1906 1)
358 1873 410 1900 Th.
429 1873 508 1908 Birt,
527 1873 632 1900 Archiv
653 1873 672 1899 f.
693 1874 711 1899 1.
732 1872 798 1900 Lex.
818 1872 854 1906 11,
873 1881 899 1907 p.
921 1871 970 1899 171
992 1870 1105 1905 (1900):
1129 1870 1222 1898 ‘Denn
1242 1872 1274 1898 A.
1296 1872 1324 1899 F.
1345 1872 1421 1907 Pott,
1440 1873 1613 1909 Doppelung

252 1919 336 1954 1862,
356 1920 487 1949 Wfflfflin
506 1919 574 1948 Sitz.
594 1920 657 1947 Ber.
678 1920 704 1946 d.
723 1919 805 1954 bayr.
826 1918 974 1953 Ak.1882‚
993 1918 1071 1946 Stolz
1084 1917 1154 1945 4391·
1164 1918 1258 1953 geben
1272 1919 1421 1946 dux-chaus
1435 1920 1518 1947 nicht
1530 1920 1612 1955 sues,

254 1976 314 1995 was
332 1967 395 1995 sich
408 1967 536 1995 dariiber
548 1974 637 2002 sagen
651 1965 753 1993 liesse‘.
773 1966 875 1993 Denuo
888 1966 923 1992 de
937 1965 1039 1992 eadem
1054 1972 1085 1992 re
1098 1964 1159 2000 egit
1171 1968 1262 1999 atque
1276 1965 1313 1992 ad
1326 1965 1391 1992 eius
1405 1966 1612 1994 tractationem

252 2014 429 2041 adhortatus
447 2017 502 2048 est,
520 2013 687 2048 Erkliirung
705 2013 756 2040 des
775 2012 946 2047 Catalepton
966 2010 1073 2046 (1910),
1092 2011 1191 2038 xl115
1209 2011 1249 2046 (p.
1269 2010 1483 2049 153)1:>‘v21eut
1495 2013 1613 2040 valent'.

291 2060 317 2094 2)
355 2061 428 2096 Aug.
448 2060 494 2088 Fr.
514 2060 589 2095 Pott,
610 2060 780 2095 Doppelung
804 2058 1052 2094 (Reduplikatiom
1071 2057 1274 2090 Gemination)
1293 2059 1336 2086 als
1355 2059 1436 2087 eines
1456 2059 1509 2087 der
1521 2060 1614 2087 wieh-

252 2109 363 2144 tigsten
391 2107 630 2143 Bildungsmittel
655 2107 706 2134 der
732 2106 868 2141 Spreche,
888 2105 1056 2133 beleuchtet
1081 2113 1135 2132 aus
1161 2105 1311 2139 Sprachen
1337 2105 1410 2133 aller
1430 2105 1614 2141 Welttheile‚

254 2155 364 2189 Lemgo
383 2153 410 2181 &
430 2154 575 2188 Detmold‚
594 2152 677 2180 1862.

291 2200 317 2235 3)
357 2201 406 2229 Ed.
427 2200 567 2236 wolfflin,
586 2200 653 2228 Sitz.
673 2200 732 2227 ber.
752 2200 804 2227 der
823 2199 1078 2234 philos-philolog.
1101 2199 1161 2226 und
1183 2198 1251 2226 hist.
1271 2197 1370 2226 Classe
1390 2199 1444 2226 der
1464 2199 1492 2227 k.
1513 2199 1539 2227 b.
1560 2200 1614 2228 Ak.

252 2248 307 2276 der
326 2248 412 2276 Wiss.
433 2256 467 2275 zu
488 2248 646 2282 Miinchem
667 2248 688 2282 Ι,
706 2246 788 2274 1882.

291 2294 318 2327 4)
356 2294 437 2327 Quae
462 2295 539 2334 ngud
565 2294 703 2328 Ennium,
724 2293 877 2326 Lucilium,
896 2292 1038 2326 Catonem
1064 2292 1196 2327 aliosque
1216 2293 1372 2327 scriptores
1391 2294 1501 2328 priscos
1519 2295 1614 2329 gemi-

255 2341 383 2368 nationis
406 2341 541 2376 exempla
566 2342 733 2375 occurrunt,
758 2347 902 2375 perpauca
927 2341 998 2366 sunt
1023 2341 1054 2365 et
1078 2338 1120 2366 ita
1145 2338 1303 2366 verborum
1329 2342 1470 2368 contextu
1490 2341 1616 2376 abrupto

252 2388 373 2423 tradita,
393 2391 427 2415 ut
448 2388 523 2415 haud
546 2388 651 2415 idonea
669 2387 738 2421 sint,
757 2394 834 2422 quae
854 2386 908 2413 hoc
926 2386 956 2413 in
976 2387 1117 2429 opusculo
1135 2390 1414 2414 commemorentur.
