1932 3121
311 359 388 393 899.

311 468 386 502 963.

310 577 386 610 964.

308 845 386 879 449.

308 900 384 933 450.

306 1239 382 1272 844.

305 1349 382 1382 845.

305 1404 382 1438 846.

305 1513 381 1546 847.

305 1622 381 1655 848.

304 1677 382 1710 849.

302 2012 380 2045 260.

282 2169 286 2170 ⁷
301 2120 379 2154 261.

301 2229 378 2263 262.

300 2284 377 2317 263.

300 2338 376 2371 264.

438 360 483 393 Ut
507 360 714 393 auferamus
772 386 1678 399 ................

438 494 594 502 .....
624 470 814 503 PHORMIO
840 470 1025 514 (parasitus).
1051 471 1174 515 Attat,
1202 472 1270 505 nisi
1290 456 1361 506 iam
1380 473 1466 506 mihi
1487 444 1676 523 prospicio;

1532 528 1678 562 haereo:

438 577 485 609 Hi
509 578 718 619 gladiatorio
742 579 862 611 animo
885 579 930 612 ad
955 589 1011 612 me
1035 581 1213 614 adfectant
1236 581 1343 614 viam.

793 707 932 749 Hecyra
955 707 1021 740 449
1048 708 1181 751 (attat)
1191 719 1199 741 :

437 779 618 807 Adulescens
636 789 735 807 secum
757 781 897 816 loquitur.

437 871 631 879 ......
660 845 773 880 Attat
796 856 919 880 eccum
944 847 1161 889 Phidippum
1184 851 1218 881 et
1241 851 1378 891 patrem

434 901 558 933 Video:
584 901 733 933 horsum
757 903 922 942 pergunt.
950 901 1044 938 Quid
1068 901 1184 934 dicam
1209 902 1316 943 hisce,
1342 902 1500 934 incertus
1524 912 1617 934 sum.

755 1025 895 1066 Hecyra
919 1024 984 1057 849
1011 1023 1097 1066 (qui
1121 1024 1224 1067 qui):

473 1112 652 1139 Adulescens
686 1120 754 1139 cum
791 1120 873 1140 servo
909 1113 1049 1147 loquitur,
1085 1112 1137 1148 qui

434 1160 576 1186 nuntium
596 1160 708 1186 laetum
728 1160 755 1186 ei
774 1160 886 1186 attulit.

433 1231 552 1273 ADUL.
588 1240 778 1273 Manedum
811 1240 933 1273 sodes:
965 1240 1070 1273 timeo
1094 1249 1139 1273 ne
1162 1240 1260 1273 aliud
1283 1240 1425 1274 credam
1448 1242 1555 1282 atque
1577 1240 1675 1274 aliud

1515 1295 1669 1328 nunties.

435 1349 554 1382 SERV.
575 1349 712 1382 Maneo.
733 1349 851 1382 ADUL.
870 1348 928 1385 Sic
939 1351 974 1382 te
985 1349 1119 1382 dixisse
1129 1349 1268 1391 opinor,
1283 1349 1464 1381 invenisse
1476 1349 1673 1391 Myrrinam

434 1404 644 1438 Bacchidem
661 1404 809 1437 anulum
826 1414 929 1437 suom
946 1404 1088 1438 habere.
1114 1403 1234 1438 SERV.
1258 1404 1418 1438 Factum.
1441 1404 1559 1438 ADUL.
1579 1405 1673 1438 Eum

1287 1467 1393 1499 quem
1416 1459 1498 1491 olim
1523 1459 1554 1491 ei
1577 1459 1669 1492 dedi.

432 1513 555 1555 anue
579 1513 645 1546 hoc
668 1515 703 1546 te
726 1513 812 1545 mihi
836 1513 1003 1546 nuntiare
1025 1512 1149 1545 iussit:
1175 1513 1271 1545 itane
1293 1514 1347 1545 est
1371 1512 1533 1545 factum?

1285 1567 1404 1599 SERV.
1432 1567 1486 1599 Ita
1510 1568 1668 1608 inquam.

431 1623 549 1655 ADUL.
585 1622 674 1660 Quis
694 1631 762 1654 rme
792 1623 846 1654 est
874 1621 1089 1654 fortunatior
1113 1621 1385 1662 venustatisque
1407 1621 1495 1654 adeo
1519 1620 1673 1663 plenior!

431 1677 509 1710 Eho
532 1679 584 1718 tu,
614 1686 679 1718 pro
704 1677 770 1709 hoc
793 1678 827 1708 te
851 1676 977 1709 nuntio
1000 1676 1062 1717 qui
1086 1674 1244 1708 donem?
1275 1673 1379 1715 Qui?
1406 1674 1510 1716 Qui?
1532 1676 1670 1709 Nescio.

691 1794 870 1835 Adelphoe
892 1793 957 1826 264
984 1793 1115 1836 (mane
1138 1792 1284 1835 mane):

468 1882 562 1918 syrus
586 1890 687 1910 servus
711 1890 779 1909 cum
802 1881 993 1917 Ctesiphonte
1012 1882 1131 1909 adules-

431 1933 516 1957 cente
536 1929 626 1956 fratre
645 1930 688 1956 eri
708 1929 754 1956 sui
774 1929 911 1956 Aeschini
931 1929 1071 1964 loquitur.

432 2010 552 2044 SERV.
580 2009 610 2043 Ο
635 2010 812 2051 Ctesipho.
838 2010 959 2043 Λυσι..
986 2010 1016 2043 Ο
1043 2010 1145 2052 Syre,
1173 2010 1371 2043 Aeschinus
1395 2008 1519 2042 ubist?
1567 2015 1570 2017 ’

558 2077 566 2097 r
738 2064 857 2097 SERV.
884 2065 1015 2106 Ellum,
1042 2066 1077 2097 te
1099 2065 1260 2106 expectat
1283 2063 1389 2096 domi.
1416 2064 1534 2097 ADUL.
1563 2064 1666 2097 Hem.

430 2120 549 2153 SERV.
577 2118 671 2157 Quid
696 2118 777 2152 est?
803 2119 921 2152 ADUL.
948 2119 1041 2157 Quid
1066 2118 1140 2152 sit?
1165 2118 1282 2160 Opera
1306 2118 1412 2160 illius,
1442 2118 1543 2161 Syre,
1571 2129 1671 2152 nunc

1235 2173 1334 2206 vivo:
1359 2172 1522 2206 festivom
1547 2175 1665 2216 caput,

427 2229 497 2267 Qui
513 2238 623 2271 quom
640 2227 757 2261 omnis
774 2237 832 2260 res
848 2228 916 2261 sibi
931 2229 1012 2270 post
1028 2229 1168 2270 putavit
1183 2236 1263 2260 esse
1278 2236 1364 2269 prae
1380 2237 1457 2260 meo
1469 2228 1662 2268 commodo,

427 2283 624 2324 Maledicta,
643 2282 787 2323 famam,
807 2291 925 2314 meum
941 2282 1099 2315 laborem
1114 2285 1148 2314 et
1164 2283 1348 2323 peccatum
1363 2281 1406 2313 inv
1417 2290 1456 2314 se
1467 2282 1650 2315 transtulit
1656 2291 1669 2322 ;

427 2337 483 2370 Nil
498 2338 580 2379 pote
596 2345 719 2378 supra.
742 2335 810 2368 Sed
827 2336 913 2377 quid
931 2336 1019 2369 foris
1036 2334 1201 2378 crepuit?
1224 2334 1343 2368 SERv.
1367 2334 1483 2368 Ma‘ne
1497 2335 1668 2377 mane¹):

1359 2389 1435 2431 ipse
1457 2391 1531 2422 exit
1554 2389 1664 2422 foras.

597 2465 747 2500 (Donatus
772 2465 812 2492 ad
832 2465 912 2493 hunc
930 2466 1027 2493 locum
1046 2473 1108 2493 non
1127 2464 1267 2500 illepide:
1290 2462 1458 2499 ‘qaudentis
1479 2465 1533 2492 hoc
1551 2456 1680 2492 dictum*

559 2517 612 2548 est,
631 2521 692 2540 non
711 2513 846 2547 opperiri
867 2512 1027 2545 iubentis’.)

1023 2570 1027 2592 Ι

335 2649 361 2684 1)
399 2652 521 2677 accentu
544 2652 659 2676 mutato
678 2652 709 2676 et
728 2649 905 2683 quantitate.
