1932 3121
908 267 951 300 47

245 371 522 415 'trepidationis
531 381 539 404 :

247 629 323 663 287.

247 738 325 772 288.

247 846 324 880 289.

685 439 849 474 Asinaria
873 439 939 473 287
964 437 1049 483 (ubi
1069 437 1172 482 ubi):

409 516 517 543 Servus
545 514 691 544 Libanum
718 522 893 542 conservum
919 521 1075 550 quaerens,

371 563 425 599 qui
444 563 580 591 occultus
598 562 693 590 adest.

375 628 495 663 SERV.
521 628 614 661 Perii
633 637 699 671 ego
718 628 859 671 oppido,
882 628 957 663 nisi.
968 614 1144 661 Libanum
1160 629 1304 661 invenio
1319 629 1402 670 iam,
1426 627 1495 661 ubi
1509 627 1616 661 ubist

484 689 489 695 ·
1480 692 1504 715 n
1523 682 1609 716 ‘um.

373 738 489 772 Cous,
532 737 608 770 Illic
647 737 754 770 homo
791 737 927 771 socium
966 738 1012 770 ad
1052 738 1181 771 malam
1221 747 1295 770 rem
1331 692 1479 778 (ιιιιιιιιξίξΞ
1505 684 1615 778 {luem

1153 837 1156 839 μ
1331 792 1505 834 adiungat
1528 790 1608 823 sibi.

373 846 453 879 Non
469 846 599 888 placet:
618 855 684 888 pro
700 849 860 879 monstro
873 847 1093 889 extemplost,
1117 846 1262 889 quando
1277 846 1340 888 qui
1357 846 1464 879 sudat
1478 845 1611 879 tremit.

606 965 736 1000 Casina
759 966 824 999 834
850 965 919 1010 (ite
940 965 1032 1009 iam,
1060 965 1113 1000 ite
1134 965 1250 1009 iam):

413 1039 562 1068 815—824
591 1040 705 1068 Ancilla
729 1048 799 1068 cum
823 1041 968 1077 armigero
993 1040 1073 1076 (769)

376 1087 485 1115 ironice
516 1087 658 1123 loquitur,
686 1088 734 1115 cui
762 1095 823 1115 una
849 1096 918 1116 cum
945 1096 996 1116 era
1023 1096 1078 1116 sua

377 1133 555 1161 muliebrem*
577 1137 689 1161 vestem
714 1134 821 1169 induit,
842 1138 877 1162 ut
897 1143 985 1162 senex
1005 1143 1074 1162 erus

375 1188 445 1208 eum
470 1180 603 1208 inveniat
624 1189 675 1216 pro
694 1180 772 1209 vilici
790 1181 838 1209 sui
855 1190 970 1217 sponsa,
989 1182 1074 1210 cuius

375 1227 500 1267 primam
520 1230 637 1255 noctem
656 1236 675 1255 a
693 1228 777 1256 vilico
795 1228 974 1264 impetravit.

249 1293 382 1337 815116.
431 1294 524 1328 ANO.
553 1293 693 1328 Sensim
716 1293 871 1337 †supera
894 1295 976 1328 tolle
998 1295 1104 1328 limen
1128 1295 1247 1337 pedes,
1275 1305 1352 1329 mea
1371 1305 1464 1329 nova
1481 1296 1613 1337 nupta:

250 1347 327 1382 817.

250 1403 317 1437 818

379 1348 513 1391 Sospes
535 1349 602 1382 iter
624 1349 740 1391 incipe
761 1349 838 1392 hoe,
865 1351 906 1382 ut
929 1350 1007 1383 viro
1028 1352 1090 1383 tuo

586 1403 732 1445 Semper
756 1404 806 1437 sis
829 1406 1023 1447 superstes,

251 1456 388 1499 819f20.
437 1458 585 1500 'ruaque
604 1460 644 1491 ut
663 1458 778 1500 potior
797 1458 962 1500 pollentia
982 1459 1039 1501 sit,
1064 1460 1257 1501 vineasque
1277 1460 1393 1492 virum
1414 1459 1616 1500 victrixque

1526 1513 1610 1554 sies,

251 1565 387 1608 821122.
437 1566 514 1598 Tua
546 1575 615 1598 vox
646 1568 789 1608 superet
818 1568 992 1608 tuomque
1018 1567 1223 1609 imperium:
1257 1567 1312 1599 vir
1342 1569 1376 1600 te
1399 1568 1543 1609 vestiat,-
1571 1569 1614 1599 tu

252 1673 329 1707 823.

252 1727 329 1761 824.

253 1913 332 1946 825.

254 1967 332 2002 826.

254 2077 331 2110 827.

255 2131 333 2165 828.

255 2272 332 2307 829.

255 2327 334 2361 830.

255 2381 319 2415 831
325 2406 334 2415 .

256 2436 332 2470 832.

256 2489 334 2523 833.

256 2599 335 2633 835.

256 2653 333 2688 836.

1277 1622 1399 1653 ›virum
1422 1621 1612 1663 despolies.

377 1674 565 1715 Noetuque
587 1675 621 1707 et
643 1674 705 1707 diu
730 1676 770 1707 ut
793 1675 870 1707 viro
893 1674 1044 1707 subdola
1067 1675 1128 1716 sis,

601 1728 769 1770 Opsecro,
797 1730 983 1762 memento.

550 1801 707 1830 825-828.
728 1801 867 1841 Olympio
885 1802 990 1830 vilicus
1009 1806 1037 1829 et
1056 1810 1147 1831 senez
1159 1810 1229 1830 erus
1243 1803 1349 1830 occulti
1365 1803 1519 1831 adstantes
1533 1805 1617 1831 inter·

512 1857 543 1877 se
562 1849 740 1884 mutantur:

381 1914 462 1946 VII..
484 1914 578 1947 Malo
597 1924 765 1947 maxumo
781 1924 848 1947 suo
862 1914 980 1947 hercle
993 1914 1082 1956 ffieo,
1106 1914 1168 1947 ubi
1183 1915 1362 1947 tantillum
1379 1916 1553 1957 peoeassit
1569 1934 1614 1939 —

383 1968 474 2002 SEN.
497 1969 599 2002 Taee.
621 1969 704 2002 Vn..
726 1969 804 2002 Non
825 1971 934 2002 taeeo.
960 1968 1052 2002 SEN.
1073 1968 1173 2007 Quae
1189 1968 1274 2002 res?
1292 1969 1376 2003 Vn..
1393 1970 1508 2004 Malae
1523 1970 1618 2004 male

1396 2026 1613 2057 monstrant.

383 2076 476 2110 SEN.
503 2077 624 2111 Facies
647 2079 687 2110 tu
710 2077 803 2111 hane
826 2087 900 2110 rem
924 2077 972 2110 mi
994 2087 1039 2110 ex
1061 2079 1185 2120 parata
1208 2071 1435 2120 imperatam:

381 2132 423 2165 Id
447 2134 626 2173 quaerunt
649 2132 784 2173 volunt,
810 2132 897 2166 haec
918 2134 959 2165 ut
980 2132 1110 2165 infecta
1132 2132 1276 2165 faciant.

551 2205 624 2242 Era,
642 2206 723 2234 senis
741 2214 828 2240 umor,
847 2206 971 2234 vilicum
989 2214 1135 2242 sponsum
1154 2210 1250 2234 vocat:

382 2273 477 2307 ΕΒΑ.
503 2273 588 2316 Age,
614 2272 789 2316 Olympio,
816 2272 960 2315 quando
983 2272 1039 2306 vis
1061 2282 1221 2315 uxorem,

693 2328 819 2370 Accipe
839 2328 932 2361 hane
954 2338 975 2361 a
999 2328 1115 2361 nobis.

381 2382 464 2414 VIL.
492 2382 580 2415 Date
601 2391 698 2424 ergo,
725 2381 874 2415 daturae
896 2381 927 2414 si
950 2391 1122 2423 umquam
1144 2381 1231 2415 estis
1255 2382 1360 2415 hodie
1382 2392 1543 2416 uxorem.

385 2436 476 2471 SEN.
502 2436 604 2469 Abite
622 2436 728 2469 intro.
755 2436 849 2469 ΕΒΑ.
870 2436 1016 2478 Amabo,
1037 2436 1197 2479 integrae
1212 2439 1321 2478 atque
1335 2438 1520 2479 imperitae
1534 2439 1621 2472 huie

382 2489 583 2531 Impereito.
609 2490 692 2522 Vn..
719 2490 943 2522 Futurumst.
1195 2481 1197 2484 ’

382 2545 511 2580 Valete.
541 2545 634 2580 San.
659 2544 717 2579 Ite
738 2544 831 2588 iam,
858 2543 912 2580 ite
933 2543 1110 2579 iamiam.
1135 2545 1266 2580 Valete.

385 2600 478 2634 SEN.
497 2601 622 2635 Iamne
636 2600 808 2633 abscessit
819 2599 930 2633 uxor?
948 2599 1031 2633 Vn..
1051 2601 1204 2633 Domist:
1219 2611 1265 2634 ne
1275 2602 1370 2634 time.
1392 2602 1484 2635 SEN.
1500 2602 1618 2643 Euax,

382 2655 487 2689 Nunc
509 2655 568 2698 pol
589 2655 732 2689 demum
756 2665 822 2698 ego
844 2664 925 2688 sum
948 2655 1047 2688 liber.
