1932 3121
774 585 1031 639 CAPUT
1077 585 1136 639 Π.

350 712 466 751 Quid
496 714 548 746 de
578 712 887 755 geminatione
916 713 1006 755 ipsi
1037 715 1217 745 veteres
1248 711 1545 745 tradiderint.

268 817 307 849 A.
359 816 622 857 Scriptores
653 815 827 849 Graeci.

314 905 344 937 1.
371 904 590 941 <Alexander
613 904 719 937 Num.
745 904 782 936 II
805 904 829 946 β
854 905 938 947 (ΙΙΙ,
965 904 1020 946 29,
1047 905 1067 937 3
1094 903 1281 946 Spengel):

312 956 403 1000 Περὶ
425 956 700 994 ἀναδιπλώσεως
722 957 744 1001 ἢ
758 956 979 1000 παλιλλογίας
994 957 1016 1001 ἢ
1033 956 1299 1001 ἐπαναλήψεως.
1326 955 1436 990 Τοῦτὸ
1452 955 1490 989 τὸ
1506 955 1626 1000 σχῆμα

268 1010 288 1045 ὁ
320 1010 387 1055 μὲν
425 1010 605 1049 Καικίλιος
642 1010 864 1054 παλιλλογίαν
901 1010 1008 1050 καλεῖ,
1043 1011 1126 1045 ἔνιοι
1166 1009 1205 1044 δὲ
1239 1009 1486 1048 ἀναδίπλωσιν,
1520 1009 1555 1043 οἱ
1587 1008 1627 1042 δὲ

267 1064 495 1108 ἐπανάληψιν.
524 1064 684 1098 Φαίνεται
708 1063 747 1098 δὲ
769 1063 826 1098 ὅτε
847 1063 914 1108 μὲν
936 1063 1034 1108 ῥῆμα
1058 1063 1262 1108 ἐπαλλήλως
1284 1063 1490 1097 ἐντιθέντων
1509 1063 1624 1107 ἡμῶν,

268 1118 319 1156 ὡς
341 1118 411 1163 ἔχει
433 1117 471 1152 τὸ
495 1121 651 1153 τοιοῦτον
673 1117 824 1162 »μιαρὸν
846 1117 977 1162 μιαρὸν
1000 1117 1139 1163 θηρίον,
1163 1116 1196 1152 ὦ
1219 1117 1346 1161 ἄνδρες
1363 1117 1575 1162 Ἀθηναῖοι“.

311 1188 343 1221 2.
392 1189 492 1221 Idem
516 1189 533 1221 Ι
558 1200 578 1231 γ
604 1187 687 1231 (ΙΙΙ,
716 1188 769 1230 19,
795 1188 838 1221 32
864 1187 1051 1230 Spengel):

307 1240 546 1286 Ἐπανάληψις
569 1241 666 1281 ἐστιν,
693 1241 776 1275 ὅταν
794 1240 882 1275 κατὰ
898 1241 1038 1279 πλείους
1053 1241 1180 1286 φωνὰς
1194 1240 1557 1285 ἐπαναλαμβάνωμεν,
1574 1240 1626 1278 ὡς

266 1296 336 1340 ἔχει
365 1294 404 1329 τὸ
430 1298 586 1338 τοιοῦτον
615 1295 712 1335 »ἀλλ’
746 1295 813 1329 οὐκ
836 1295 934 1334 ἔστιν,
958 1295 1025 1329 οῦκ
1048 1295 1138 1329 ἔστιν
1161 1295 1261 1333 ὅπως
1284 1294 1461 1339 ἡμάρτετε.
1493 1293 1564 1328 Καὶ
1586 1293 1625 1328 τὸ

263 1349 460 1394 Ὁμηρικόν
467 1361 476 1384 :

444 1407 495 1448 τῷ
518 1403 550 1437 δ’
578 1403 649 1447 ἐγὼ
672 1403 786 1441 ἅντιος
809 1402 887 1447 εἶμι,
911 1402 970 1437 καὶ
993 1403 1025 1438 εἰ
1043 1402 1128 1447 πυρὶ
1150 1405 1269 1448 χεῖρας
1291 1403 1414 1442 ἔοικεν,

444 1458 476 1491 εἷ
494 1457 579 1501 πυρὶ
601 1460 718 1502 χεῖρας
740 1458 841 1492 ἔοικε.

272 1510 385 1545 Ταῦτα
408 1511 473 1553 μὲν
496 1514 560 1545 οῦν
583 1510 823 1555 ἐπανείληπται
845 1510 999 1554 μηδενὸς
1020 1509 1151 1553 μεταξὺ
1174 1510 1359 1554 τιθεμένου
1382 1511 1520 1554 μορίου.

311 1580 342 1613 3.
393 1580 591 1613 Demetrius
621 1578 700 1623 περὶ
722 1579 906 1623 ἑρμηνείας
931 1578 953 1622 ἓ
978 1579 1021 1613 66
1053 1579 1137 1623 (ΙΙΙ,
1164 1580 1240 1621 277,
1268 1579 1309 1626 21
1338 1579 1503 1622 Spengel,
1539 1590 1621 1622 pag.

269 1634 321 1676 19,
349 1635 369 1667 5
393 1632 686 1676 Radermacher):

310 1685 380 1721 Καὶ
405 1686 640 1724 ἀναδίπλωσις
663 1686 702 1720 δέ
723 1699 794 1721 που
810 1686 993 1730 εἰργάσατο
1008 1686 1172 1731 μέγεθος,
1189 1686 1241 1725 ὡς
1253 1685 1447 1731 Ἡρόδοτος
1464 1687 1498 1731 (Ι
1513 1688 1580 1722 203
1589 1687 1623 1731 2)

268 1741 456 1785 δράκοντες
480 1740 520 1775 δέ
541 1753 622 1780 που,
646 1741 761 1785 φησίν,
785 1739 874 1785 ἦσαν
897 1740 934 1775 ἐν
957 1744 1008 1785 τῷ
1026 1740 1212 1785 Καυκάσῳ
1227 1741 1381 1785 μέγεθος
1396 1741 1457 1775 καὶ
1471 1742 1627 1786 μέγεθος

266 1792 326 1846 Βιαὶ
347 1794 494 1839 πλῆθος·
520 1794 572 1832 δὶς
594 1794 706 1838 ῥηθὲν
721 1794 759 1828 τὸ
775 1794 928 1838 μέγεθος
944 1794 1054 1838 ὄγκον
1069 1793 1142 1828 τινὰ
1158 1798 1200 1838 τῇ
1215 1794 1382 1838 ἑρμηνείᾳ
1397 1795 1572 1839 παρέσχεν
1584 1796 1625 1838 1).

310 1864 343 1897 4.
392 1864 491 1896 Idem
516 1863 538 1907 ξ
565 1863 628 1896 140
653 1863 725 1906 (ΙΙΙ
748 1863 824 1905 293,
851 1863 894 1896 30
919 1863 1083 1905 Spengel,
1109 1872 1191 1905 pag.
1218 1863 1272 1904 33,
1292 1863 1313 1896 6
1328 1864 1625 1906 Radermacher):

311 1916 360 1950 Αἵ
389 1916 428 1950 δὲ
457 1916 531 1950 ἀπὸ
560 1918 631 1950 τῶν
662 1915 853 1960 σχημάτων
882 1915 1018 1959 χάριτες
1048 1914 1152 1959 δῆλαί
1179 1916 1241 1950 εἰσι
1272 1916 1332 1950 καὶ
1354 1916 1506 1951 πλεῖσται
1528 1917 1627 1962 παρὰ

267 1969 423 2014 Σαπφοί
447 1969 522 2004 οἷον
544 1969 584 2004 ἐκ
608 1973 668 2014 τῆς
690 1969 973 2008 ἀναδιπλώσεως,
997 1969 1090 2003 ὅπου
1106 1969 1229 2014 νύμφη
1245 1968 1337 2013 πρὸς
1354 1970 1415 2015 τὴν
1429 1970 1627 2015 παρθενίαν

267 2024 357 2069 φησί
375 2023 592 2068 ,,Παρθενία,
615 2023 799 2068 παρθενία,
822 2026 887 2057 ποῖ
903 2036 949 2067 με
971 2023 1119 2058 λιποῦσα
1140 2023 1219 2069 οἴχῃ
1225 2024 1265 2065 ;”
1287 2022 1388 2059 Ἡδὲ
1403 2024 1628 2070 ἀποκρίνεται

266 2078 358 2122 πρὸς
380 2078 489 2123 αὐτὴν
511 2082 563 2122 τῷ
585 2078 682 2122 αὐτῷ
705 2078 855 2122 σχήματι
877 2076 974 2117 ,,Οὐκ
997 2077 1044 2111 ἔτι
1066 2078 1144 2122 ἥξω
1167 2077 1259 2122 πρός
1281 2091 1330 2118 σε,
1354 2078 1422 2113 οὐκ
1446 2079 1493 2114 ἔτι
1508 2080 1626 2125 ἥξω.”

267 2132 408 2168 ῙΙλείων
439 2132 506 2177 γὰρ
536 2132 638 2177 χάρις
667 2132 877 2177 ἐμφαίνεται,
908 2132 930 2176 ἢ
961 2132 1057 2176 εἴπερ
1087 2132 1184 2172 ἅπαξ
1211 2132 1340 2178 ἐλέχθη
1369 2133 1429 2168 καὶ
1457 2134 1542 2169 ἄνευ
1566 2137 1628 2169 τοῦ

267 2187 455 2232 σχήματος.
471 2186 594 2221 Καίτοι
606 2187 628 2231 ἡ
641 2186 876 2224 ἀναδίπλωσις
885 2185 976 2230 πρὸς
989 2185 1185 2230 δεινότητας
1195 2186 1331 2230 μᾶλλον
1339 2187 1628 2234 δοκεῒεῦρῆσθαι·

267 2241 289 2286 ἡ
314 2240 353 2276 δὲ
375 2240 436 2276 καὶ
457 2244 528 2280 τοῖς
552 2240 758 2279 δεινοτάτοις
780 2243 993 2285 καταχρῆται
1015 2239 1233 2286 ἐπιχαρίτως.

312 2312 344 2345 5.
365 2348 368 2351 ‚
394 2312 495 2344 Idem
521 2310 543 2354 ἓ
568 2311 634 2345 267
659 2311 731 2353 (111
754 2310 831 2352 319,
860 2310 900 2343 13
927 2303 1090 2353 Spengel,
1118 2321 1199 2353 pag.
1220 2313 1274 2354 55,
1293 2313 1314 2345 4
1331 2313 1627 2356 Radermacher):

314 2363 363 2398 Τὰ
387 2364 427 2399 δὲ
449 2367 509 2409 τῆς
531 2364 659 2404 λέξεως
682 2364 842 2409 σχήματα
865 2362 1116 2408 ποικιλώτερον
1139 2363 1324 2409 ἐκλέγοντά
1347 2365 1417 2401 ἐστι
1433 2366 1629 2411 δεινότερον

266 2421 377 2453 ποιεῖν
406 2418 466 2453 τὸν
495 2418 611 2462 λόγον,
642 2419 682 2452 ἔκ
713 2431 747 2453 τε
776 2421 836 2462 τῆς
866 2417 1150 2458 ἀναδιπλώσεως,
1182 2418 1235 2457 ὡς
1266 2418 1409 2464 »Θῆβαι
1434 2420 1483 2460 δέ,
1511 2419 1629 2466 Θῆβαι

266 2471 366 2518 πόλις
388 2472 605 2516 ἀστυγείτων,
629 2473 669 2509 ἐκ,
691 2473 802 2517 μέσης
823 2475 883 2516 τῆς
900 2470 1067 2509 Ἑλλάδος
1090 2472 1335 2517 ἀνήρπασται”
1363 2475 1503 2518 (Aesch.
1531 2476 1624 2509 Ctes.

269 2526 291 2570 ξ
317 2526 409 2570 133).
436 2526 631 2572 Διλογηθὲν
649 2526 721 2571 ,γὰρ
744 2526 783 2561 τὸ
807 2526 921 2570 ὄνομα
946 2525 1121 2571 δεινότητα
1145 2530 1245 2561 ποιεῖ.

303 2619 329 2653 1)
367 2620 398 2649 Si
421 2621 569 2649 Demetrio
590 2622 637 2649 hic
657 2623 739 2649 locus
758 2621 895 2648 Herodoti
914 2620 940 2654 (Ι
958 2619 1026 2654 203)
1046 2625 1115 2648 ante
1135 2623 1234 2649 oeulos
1254 2623 1434 2658 versabatur,
1454 2624 1534 2651 aliud
1556 2625 1628 2659 quid

266 2666 307 2694 ibi
326 2667 362 2695 ab
381 2675 415 2695 eo
435 2668 545 2695 lectum
566 2671 621 2696 est.

1476 2717 1509 2745 1.
