1932 3121
994 272 1038 305 36

331 375 409 409 655.
457 376 534 408 Tua
558 376 696 417 ancilla,
723 386 832 418 quam
856 378 896 409 tu
919 377 982 409 tuo
1005 376 1110 409 vilico
1133 376 1188 409 vie

330 429 407 463 656.
459 430 551 463 Dare
574 439 734 472 uxorem,
761 439 802 464 ea
825 430 935 463 intus.
965 428 1057 463 SEN.
1084 429 1180 468 Quid
1202 430 1330 465 intus?
1354 431 1448 470 Quid
1471 430 1553 464 est?

330 539 406 572 670.
456 540 546 571 Ano.
574 510 644 571 l’er
667 510 784 572 omnis
807 510 893 572 deos
916 510 951 571 et
974 509 1060 572 deas
1083 509 1256 573 deieravit
1290 511 1534 520 .....

330 593 406 626 671.
456 593 668 626 occisurum
692 603 773 626 eum
798 593 865 626 hac
888 595 991 626 nocte
1014 593 1160 634 quicum
1183 594 1343 628 cubaret.

704 696 899 730 Cistellaria
924 696 988 730 703
1015 695 1153 740 (periit
1170 697 1325 741 periit):

495 766 609 794 Ancilla
648 769 804 802 postquam
840 767 979 794 amissam
1014 767 1159 794 cistellam

455 814 567 841 frustra
586 814 783 849 investigavit,
802 822 902 842 secum
923 814 1065 850 loquitur.

330 875 406 908 703.
455 876 548 909 Ano.
582 875 703 909 Actam
736 884 810 908 rem
841 885 922 918 ago.
956 875 1059 914 Quod
1085 874 1218 919 periit,
1247 875 1380 919 periit,
1415 886 1532 910 meum
1560 876 1695 913 corium

1262 933 1265 937 '
1444 941 1525 972 cum
1548 930 1692 963 cistella.

741 1003 889 1037 Rudens
915 1003 978 1037 169
1005 1003 1124 1047 (nunc
1145 1003 1282 1047 nunc):

454 1072 562 1100 Servus
575 1081 642 1100 cum
657 1080 728 1100 sene
741 1080 791 1099 ero
805 1080 858 1099 suo
873 1072 1007 1107 loquitur
1019 1073 1050 1099 in
1060 1073 1156 1100 litore.

328 1134 403 1168 162.
456 1114 576 1178 Ξιιζιιν.
588 1133 692 1173 Quod
701 1134 842 1168 facinus
851 1133 975 1168 video?
990 1134 1082 1168 SEN.
1094 1134 1188 1173 Quid
1199 1134 1321 1169 vides?
1337 1134 1457 1169 SERv.
1469 1135 1694 1169 Mulierculas

327 1189 401 1222 163.
451 1189 560 1221 Video
584 1188 740 1221 sedentis
763 1189 800 1220 in
825 1189 958 1230 scapha
982 1189 1078 1221 solas
1101 1189 1204 1221 duas.

326 1243 401 1276 164.
452 1243 498 1276 Ut
521 1242 752 1276 adflictantur
775 1242 937 1276 miserae.
997 1268 1006 1276 .
1057 1268 1065 1276 .
1115 1254 1126 1276 ;
1177 1268 1185 1276 .
1235 1268 1244 1276 .
1295 1268 1303 1276 .

325 1351 400 1384 167.
450 1322 528 1384 {lon-
554 1322 686 1384 vidisse
698 1322 828 1384 ‘un-das
851 1322 908 1385 nie
930 1322 1075 1385 maioris
1099 1323 1242 1385 censeo..
1293 1322 1302 1331 ⁹

327 1405 402 1439 168.
455 1406 584 1439 Salvae
607 1408 705 1447 sunt,
732 1406 763 1439 si
786 1406 866 1439 illos
889 1406 1023 1439 fluctus
1046 1406 1295 1439 devitaverint.

325 1460 400 1493 169.
450 1459 563 1494 Nunc
584 1469 689 1494 nunc
711 1460 935 1502 periclumst:
961 1461 1079 1496 *eiecit
1102 1461 1250 1494 alteram

325 1514 400 1547 170.
450 1515 494 1547 At
517 1516 553 1547 in
578 1515 723 1548 vadost:
747 1515 818 1548 iam
842 1515 944 1548 facile
967 1515 1099 1549 enabit.
1125 1515 1295 1558 Eugepae

324 1569 400 1602 171.
449 1569 561 1603 Viden
585 1570 732 1602 alteram
756 1569 851 1602 illam
876 1571 917 1602 ut
939 1570 1072 1603 fluctus
1096 1570 1195 1603 eiecit
1218 1569 1344 1603 foras?

660 1628 877 1663 ³,Addemiumz
899 1630 1004 1657 unda.

323 1733 624 1766 Pol-turbationis
634 1745 641 1766 :
1004 1749 1008 1753 >

768 1779 980 1821 Amphitruo
1004 1779 1069 1812 263
1095 1779 1248 1822 (attam

448 1843 612 1870 Mercurius
631 1852 731 1871 secum
753 1844 894 1879 loquitur.

320 1897 396 1931 263.
447 1896 571 1940 Attat,
598 1898 668 1931 illic
691 1899 762 1932 huc
785 1899 935 1932 iturust:
960 1899 1019 1931 ibo
1041 1908 1108 1941 ego
1131 1899 1200 1932 illic
1223 1898 1383 1932 obviam:

320 1951 397 1985 264.
446 1952 569 1993 Neque
591 1962 657 1994 ego
681 1952 777 1985 hunc
801 1953 980 1986 hominem
1005 1953 1108 1986 hodie
1123 1953 1167 1986 ad
1186 1953 1284 1986 aedis
1301 1952 1367 1985 has
1384 1952 1499 1985 sinam
1516 1962 1686 1994 umquam

1508 2016 1549 2039 ac
1613 2016 1684 2040 ere.

319 2060 395 2093 265.
445 2060 598 2098 Quando
621 2061 773 2103 imagost
797 2061 906 2094 huius
929 2061 965 2094 in
991 2071 1057 2103 me,
1084 2063 1256 2094 certumst
1279 2060 1458 2094 hominem
1481 2007 1635 2095 &agg-ie.

777 2164 960 2197 Auluxaria
983 2165 1046 2196 411
1075 2159 1238 2207 (attam

483 2228 602 2264 Coquus
621 2229 751 2256 fustibus
770 2228 930 2263 castigatus
943 2236 961 2256 a
976 2236 1047 2256 sene
1060 2236 1147 2256 avaro

445 2276 613 2310 suspicioso.

317 2331 396 2364 406.
446 2331 540 2368 COQ.
559 2329 704 2373 †Optati
719 2330 818 2364 vives
831 2332 1032 2374 populares,
1048 2332 1194 2373 incolae,
1211 2331 1360 2373 accolae,
1376 2331 1535 2365 advenae
1545 2341 1680 2375 omnes,

316 2386 395 2418 407.
446 2386 533 2418 Date
557 2386 650 2418 viam
675 2395 747 2426 qua
771 2385 895 2428 fugere
917 2386 1029 2428 liceat,
1057 2387 1161 2420 facite
1184 2387 1278 2418 totae
1301 2385 1436 2426 plateae
1458 2388 1612 2427 pateant.

316 2439 394 2472 408.
443 2439 566 2480 Neque
588 2448 654 2481 ego
677 2448 849 2480 umquam
874 2440 943 2472 nisi
966 2440 1071 2473 hodie
1089 2445 1135 2473 ad
1156 2439 1316 2472 Bacchas
1333 2439 1413 2472 veni
1429 2440 1465 2472 in
1483 2440 1683 2474 Bacchanal

1430 2494 1680 2536 coquinatum:

316 2548 393 2581 409.
444 2548 499 2581 Ita
516 2558 572 2580 me
588 2548 758 2580 miserum
775 2550 809 2581 et
826 2558 923 2581 meos
938 2549 1132 2591 discipulos
1149 2548 1307 2581 fustibus
1323 2549 1414 2582 male
1429 2550 1678 2582 contuderunt.

315 2603 392 2636 410.
443 2603 555 2636 Totus
585 2602 686 2636 doleo
717 2604 825 2644 atque
854 2603 984 2646 oppido
1015 2604 1120 2646 perii:
1156 2603 1204 2636 ita
1236 2613 1293 2636 me
1322 2603 1388 2637 iste
1417 2603 1543 2638 habuit
1573 2613 1682 2637 senex

1438 2659 1665 2701 gymnasium
1671 2684 1680 2692 .
