1932 3121
956 272 996 305 10

338 371 371 415 β.
418 372 660 411 Quintilianus
684 372 713 416 1)
762 382 882 407 veram
930 374 1203 417 geminationem
1249 377 1480 410 adiectionem
1528 376 1659 420 (genus

292 427 516 470 adiectionis)
548 429 703 470 appellat
732 430 766 461 et
789 429 836 462 ab
858 429 936 462 aliis
960 429 1229 472 repetitionibus
1253 434 1410 474 separat3
1442 432 1547 465 etiam
1570 432 1660 465 veri-

292 482 408 515 simile
441 484 495 516 est
529 492 610 515 eum
646 483 729 516 huic
763 483 903 526 figurae
933 483 1026 517 idem
1058 485 1187 518 nomen
1222 484 1460 529 ‘qeminatio’
1492 486 1662 520 tribuisse

293 538 402 578 atque
425 547 492 570 me.
519 535 774 579 Repetitionem
798 547 888 580 eam,
914 538 977 571 ubi
1001 539 1111 572 verba
1134 539 1276 581 quidem
1301 541 1477 574 iterantur
1501 541 1564 574 sed
1578 541 1661 574 totis

282 591 479 628 *sententiis
521 591 746 634 intermissis,
785 591 925 635 figurae
967 592 1216 636 geminationis
1258 595 1450 628 assimilem
1495 595 1657 638 appellat.

295 646 421 687 Aquila
453 646 638 679 Romanus
649 645 679 688 2)
713 656 834 694 veram
866 647 1138 689 geminationem
1169 646 1403 692 παλιλλογίαν,
1427 650 1658 692 iterationem,

293 700 458 741 appellat,
505 699 583 732 aliis
625 700 755 743 figuris
798 701 866 734 alia
909 701 1053 735 nomina
1093 702 1269 745 tribuens,
1314 712 1420 745 quem
1463 703 1662 737 Martianus

295 753 439 795 Capella
451 753 481 794 3)
514 754 689 787 serviliter
712 755 881 788 imitatur.
918 755 1104 789 Charisius
1115 755 1158 798 4),
1187 757 1347 790 Donatus
1358 756 1401 799 5),
1428 759 1553 791 auctor
1577 757 1661 791 Car-

295 808 402 840 minis
448 808 492 840 de
537 808 665 850 figuris
684 808 715 851 6)
761 819 882 842 veram
925 810 1198 852 geminationem
1240 811 1425 853 epizeuxin
1468 811 1658 853 appellant,

297 862 482 895 Diomedes
494 861 523 904 7)
549 865 667 896 autem
691 873 769 896 eam
793 865 828 896 et
850 865 1078 907 epanalepsin
1102 867 1136 898 et
1159 865 1344 907 epizeuxin
1368 866 1472 899 vocat
1481 864 1525 908 8).

297 992 337 1024 D.
390 992 657 1034 Resumptio
687 995 728 1025 et
760 993 1057 1026 definitionis
1087 994 1309 1028 defensio.

341 1096 502 1129 Vidimus
525 1097 635 1139 igitur
658 1097 754 1138 apud
778 1097 944 1138 antiquos
954 1095 1068 1130 ‘varia
1084 1098 1229 1131 nomina
1246 1098 1379 1130 eisdem
1394 1097 1522 1140 figuris
1539 1097 1660 1139 tribui,

297 1151 345 1184 ita
361 1152 402 1184 ut
417 1151 538 1184 eadem
556 1152 716 1193 exempla
733 1151 777 1184 ad
795 1152 995 1192 complures
1011 1151 1149 1194 figuras
1165 1152 1398 1185 illustrandas
1410 1152 1660 1186 adhibeantur.

297 1205 402 1244 Quod
425 1205 495 1238 iam
519 1206 718 1238 Alexander
741 1206 892 1238 Numen.
920 1206 977 1238 his
1001 1206 1121 1239 verbis
1144 1206 1248 1239 dixit:
1274 1204 1365 1249 Περὶ
1388 1204 1664 1243 ἀναδιπλώσεως

297 1260 318 1303 ἢ
357 1258 579 1302 παλιλλογίας
614 1260 635 1303 ἢ
667 1258 933 1303 ε’παναλήψεως.
975 1258 1085 1293 Τοῦτο
1116 1259 1154 1293 τὸ
1186 1262 1305 1304 σχῆμα
1337 1259 1358 1293 ὁ
1388 1259 1454 1303 μὲν
1485 1258 1665 1298 Καικίλιος

295 1312 520 1357 παλιλλογίαν
551 1312 657 1352 καλεῖ,
688 1313 772 1347 ἔνιοι
801 1313 840 1348 δὲ
870 1313 1117 1353 ἀναόίπλωσιν,
1149 1314 1184 1348 οἱ
1214 1313 1252 1363 ᾃὲ
1283 1313 1512 1358 ἐπανάληψιν.
1548 1315 1594 1347 Et
1621 1315 1666 1347 de

296 1369 500 1411 epanalepsi
535 1369 604 1401 alio
639 1369 715 1402 loco
746 1369 944 1402 disserens:
980 1371 1081 1403 τοῦτο
1114 1368 1153 1403 δέ
1182 1381 1268 1407 τινες
1299 1368 1398 1406 ἰδίως
1428 1367 1666 1402 ἀναόίπλωσιν

296 1422 465 1466 λέγουσιν.
496 1424 573 1456 Iam
597 1433 721 1456 omnes
746 1424 905 1456 rhetores
928 1426 962 1457 et
985 1425 1218 1466 grammatici,
1245 1424 1307 1466 qui
1330 1426 1411 1466 post
1434 1425 1531 1457 hunc
1554 1423 1665 1465 scrip-

298 1480 434 1518 serunt,
462 1477 705 1510 confusionem
738 1478 834 1510 illam
866 1487 1010 1511 manere
1041 1478 1138 1519 passi
1169 1480 1265 1511 sunt.
1300 1478 1416 1516 Quam
1447 1478 1493 1510 ob
1516 1486 1662 1511 causam

298 1531 342 1563 iis
375 1531 461 1564 viris
485 1531 597 1564 doctis
608 1532 638 1573 9)
665 1532 852 1573 assentior,
879 1532 942 1573 qui
965 1542 1088 1565 omnes
1111 1532 1191 1565 illos
1214 1542 1258 1565 ex
1282 1532 1472 1565 Alexandri
1495 1531 1663 1573 operibus

299 1586 464 1618 hausisse
506 1586 793 1628 posterioresque
835 1588 998 1619 auctores
1038 1586 1187 1629 vestigia
1222 1586 1371 1620 confusa
1406 1586 1554 1619 confuse
1587 1595 1666 1619 esse

298 1641 440 1673 secutos
457 1642 596 1682 putant.
622 1641 846 1674 Wernickius
855 1641 898 1683 10)
920 1643 1038 1674 tamen
1059 1641 1210 1683 lepidius
1227 1651 1335 1683 quam
1352 1640 1502 1682 aequius
1519 1640 1661 1682 scripsit

338 1775 364 1809 l)
403 1775 447 1802 Cf.
468 1784 494 1809 p.
514 1775 541 1802 5.

335 1821 360 1855 2)
399 1821 442 1849 cf.
464 1831 489 1857 p.
509 1821 528 1849 6
548 1831 590 1857 sq.

335 1868 360 1903 3)
399 1869 442 1896 cf.
464 1878 488 1904 p.
509 1869 535 1896 8.

333 1915 360 1948 4)
399 1915 442 1942 cf.
463 1924 489 1950 p.
511 1915 536 1942 7.

334 1961 360 1995 5)
399 1961 442 1989 Cf.
464 1970 490 1996 p.
510 1962 536 1989 8.

335 2008 361 2041 6)
400 2008 442 2036 Cf.
463 2017 489 2043 p.
510 2008 536 2036 8.

336 2054 361 2084 7)
400 2055 443 2082 Cf.
464 2064 490 2090 p.
510 2055 537 2082 8.

335 2100 361 2135 8)
399 2102 557 2128 Auctorem
585 2102 621 2128 ad
650 2101 832 2128 Herennium
860 2100 922 2134 (IV,
941 2100 987 2134 28,
1006 2099 1065 2134 38.)
1091 2103 1121 2127 et
1148 2099 1317 2127 Ciceronem
1343 2098 1391 2134 (de
1411 2098 1534 2127 Oratore
1554 2099 1604 2133 111,
1622 2098 1668 2131 54,

298 2148 369 2182 ‘2063
396 2147 502 2176 Orator
526 2147 572 2182 39,
592 2147 660 2181 135)
681 2156 780 2175 veram
806 2147 1037 2183 geminationem
1064 2155 1081 2174 a
1106 2147 1253 2174 similibus
1278 2146 1456 2182 separavisse
1475 2149 1590 2174 certum
1609 2154 1668 2174 non
1713 2148 1716 2151 ⁴

298 2199 353 2222 est.
382 2195 520 2230 Suspicor
547 2199 649 2222 tamen
678 2196 835 2222 Auctorem
865 2195 902 2221 ad
932 2194 998 2221 Her.
1025 2194 1201 2221 scribentem
1228 2194 1264 2221 de
1290 2186 1543 2228 conduplicatione
1569 2201 1668 2221 veram

299 2242 534 2277 geminationem
571 2250 704 2269 seorsum
738 2249 970 2269 commemorare
1004 2241 1203 2269 necessarium
1236 2249 1295 2268 non
1324 2241 1442 2268 duxisse
1470 2243 1524 2268 aut
1552 2248 1669 2276 prorsus

303 2289 479 2325 neglexisse,
500 2291 534 2316 ut
548 2288 675 2324 Gorgian
691 2291 722 2316 et
736 2289 882 2316 Rutilium
898 2288 1014 2323 Lupum
1029 2288 1079 2321 (cf.
1095 2297 1119 2323 p.
1134 2288 1160 2323 8,
1172 2296 1200 2315 n.
1211 2286 1251 2322 2).
1270 2287 1331 2316 Nec
1344 2280 1444 2315 minus
1457 2287 1625 2323 Ciceronem
1639 2288 1669 2314 in

300 2336 374 2363 libro
401 2336 437 2363 de
464 2334 587 2364 Oratore
614 2336 677 2370 (ΙΙΙ,
696 2335 765 2370 206)
791 2344 856 2363 eam
881 2335 1044 2370 neglexisse
1063 2338 1117 2362 aut
1135 2343 1194 2362 non
1213 2338 1349 2363 accurate
1368 2334 1527 2363 secrevisse
1545 2342 1564 2362 a
1583 2334 1670 2361 variis

300 2383 525 2418 repetitionibus
553 2383 721 2417 verborum,
751 2383 801 2410 sed
830 2382 975 2416 imprimis
1003 2382 1281 2418 desententiarum
1309 2381 1412 2416 figuris
1437 2381 1609 2415 cogitavisse
1635 2384 1670 2407 ut

300 2429 340 2456 ΙΙΙ
360 2428 406 2464 53,
427 2428 490 2464 203,
511 2429 561 2456 ubi
581 2437 650 2457 voce
670 2429 792 2457 iteratio
812 2429 917 2456 utitur.
937 2428 1080 2456 Similiter
1100 2430 1258 2464 postquam
1278 2427 1383 2456 Orator
1402 2426 1417 2462 S
1435 2426 1494 2455 135
1512 2426 1668 2455 verborum

300 2476 410 2512 figuras
428 2477 679 2511 commemoravit,
699 2475 789 2511 §,136
807 2476 937 2511 scripsit:
957 2474 1023 2504 ‘Sed
1037 2476 1253 2504 sententiarum
1267 2478 1441 2504 ornamenta
1455 2475 1567 2503 maiora
1580 2474 1669 2502 sunt‘.

301 2524 375 2551 Fieri
394 2524 486 2559 igitur
504 2527 609 2558 potest,
629 2527 663 2551 ut
682 2523 783 2551 Cicero
804 2531 902 2551 veram
915 2524 1146 2558 geminationem
1160 2526 1247 2557 tecte,
1264 2530 1323 2550 non
1336 2525 1438 2557 aperte
1451 2520 1669 2557 significaverit.

337 2570 363 2605 9)
402 2571 435 2599 R.
462 2570 638 2606 Volkmann,
658 2570 800 2599 Rhetorik
828 2570 880 2597 der
899 2569 1046 2598 Griechen
1067 2578 1097 2597 u.
1117 2568 1240 2597 R5m0r2
1259 2577 1287 2605 p.
1306 2568 1375 2597 4580
1390 2567 1499 2603 Christ,
1518 2566 1621 2596 Gesch.
1642 2568 1669 2595 d.

301 2626 344 2653 gr.
364 2616 527 2645 Literatur5
546 2627 612 2654 pag.
633 2617 695 2645 748.
717 2617 842 2645 Brzoska
861 2618 892 2644 in
912 2616 1112 2652 Pauly-Wiss.
1132 2616 1167 2644 R.
1187 2616 1218 2643 E.
1238 2617 1249 2643 1
1271 2624 1335 2651 pag.
1355 2615 1439 2644 1457.

338 2664 378 2699 10)
416 2665 434 2692 l.
455 2666 475 2692 l.
495 2665 566 2693 Pars
586 2666 597 2692 1
619 2673 683 2700 pag.
703 2664 749 2691 11.

1900 0 1932 15 *⁷51
