1932 3121
934 270 955 303 9

266 371 323 404 his
336 371 500 404 vocibus:
521 370 561 411 a)
576 369 794 415 ἐπανάληψις
812 371 851 414 b)
865 371 1101 409 ἀναόίπλωοις
1121 371 1155 414 ο)
1168 370 1371 413 παλιλλογία
1392 370 1434 412 d)
1448 369 1629 409 ἐπίζευξις,

266 434 331 459 nee
352 426 471 458 tamen
494 424 587 458 inter
610 434 650 458 se
671 434 878 469 congruere.

309 479 507 512 Alexander
522 479 687 512 Numenii
702 478 731 522 1)
749 490 870 514 veram
886 482 1159 524 geminationem
1175 481 1379 523 promiscue
1395 478 1628 522 ἐπανάληψιν,

265 531 512 572 ἀναόίπλωσιν,
535 531 757 577 παλιλλογίαν
776 534 945 578 nominat,
965 535 1209 579 Hermogenes
1220 534 1250 578 2)
1268 532 1490 578 ἑᾱῑανάληψιν
1508 532 1626 576 (dum—

265 588 370 621 modo
394 598 522 621 versus
546 589 757 622 Homericus
780 589 809 622 Ε
833 589 888 632 31,
914 600 1021 631 quem
1044 591 1165 623 affert:

476 639 586 685 Ἆρες,
602 640 713 685 Ἄρες,
736 641 948 686 βροτολοιγὲ,
971 642 1146 688 μιαιφόνε,
1170 641 1404 688 τειχεσιπλῆτα

265 706 388 730 revera
411 697 611 739 exemplum
636 707 740 731 verae
763 698 1008 740 geminationis
1032 699 1078 731 sit
1101 708 1220 740 neque
1241 697 1432 740 legendum
1457 697 1503 730 sit
1513 694 1625 739 Ἆρες,

264 748 366 793 Ἄρες
377 749 581 793 βροτολοιγέ
591 748 697 791 κ.τ.λ.)
712 760 832 784 veram
843 752 1114 794 geminationem
1126 752 1221 793 dicit,
1240 752 1302 784 sed
1315 752 1438 784 eodem
1451 750 1626 783 vocabulo

264 813 414 846 prorsus
437 804 599 838 diversas
621 804 759 847 figuras
782 805 950 839 nominat.
977 806 1140 839 Tiberius
1151 805 1181 849 3)
1207 815 1328 839 veram
1350 804 1624 848 geminationem

263 857 485 902 παλιλλογίαν
511 859 651 900 apellat,
677 857 932 903 ἕπαναλήψεως
955 860 1168 893 vocabulum
1191 859 1270 892 aliis
1293 859 1422 901 figuris
1445 858 1620 891 tribuens.

264 911 353 945 Cum
371 914 489 945 autem
505 914 627 954 postea
639 912 732 946 dieat
744 912 931 947 Caecilium
943 914 1171 956 epanalepsin
1183 913 1398 955 palillogiam
1410 912 1620 954 appellasse,

264 966 454 999 verisimile
485 968 540 999 est
570 966 751 999 Tiberim
779 977 801 1000 e
828 967 1070 1009 compluribus
1099 967 1259 1000 tontibus
1290 967 1456 1000 hausisse
1485 966 1625 1007 hosque

263 1030 391 1062 parum
432 1021 618 1063 diligenter
658 1020 854 1054 miscuisse.
899 1022 1097 1055 Demetrius
1109 1021 1138 1064 4)
1184 1031 1304 1056 veram
1347 1020 1622 1062 geminationem

263 1072 500 1107 ἀναὸίπλωσιν
530 1074 699 1107 nominat.
734 1075 941 1117 Anonymus
951 1074 981 1117 ⁵)
1013 1074 1092 1118 περὶ
1122 1074 1316 1119 σχημάτων
1346 1077 1380 1107 et
1412 1074 1576 1108 Zonaeus
1588 1072 1621 1115 ⁶)

262 1128 402 1172 figurae
420 1127 696 1166 ἀναδιπλώσεως
714 1129 901 1172 largiorem
922 1139 1067 1163 sensum
1087 1130 1301 1172 tribuerunt,
1329 1138 1547 1171 quamquam
1568 1137 1621 1161 se-

262 1184 420 1216 cundum
432 1184 498 1216 hos
510 1184 616 1216 etiam
629 1193 749 1216 veram
761 1184 1029 1231 geminationem
1041 1185 1295 1226 complectitur.
1312 1183 1577 1216 Phoebammon
1589 1182 1620 1223 ⁷)

262 1246 384 1271 veram
422 1237 694 1280 geminationem
733 1236 902 1277 ἕπίζευξιν
935 1238 1097 1281 appellat,
1136 1238 1309 1272 vocabulo
1344 1235 1622 1273 ἀναδιπλώσεως

261 1291 414 1333 largiore
436 1301 546 1324 sensu
564 1301 666 1324 usus.
693 1292 781 1324 Tres
801 1293 969 1333 postremi
984 1294 1146 1325 auctores
1163 1292 1346 1325 vocabulis
1362 1290 1622 1334 ἒπαναλήψεως

261 1346 295 1377 et
325 1342 548 1388 παλιλλογίας
577 1345 645 1378 alio
671 1354 781 1394 sensu
803 1347 954 1378 utuntur
977 1347 1083 1387 atque
1105 1345 1304 1378 Alexander
1327 1345 1503 1387 Numenii,
1530 1345 1619 1377 Her-

263 1408 441 1442 mogenes,
475 1400 650 1432 Tiberius.
684 1400 910 1434 Herodianus
928 1399 958 1442 8)
991 1410 1112 1433 veram
1143 1401 1418 1443 geminationem
1448 1399 1621 1438 ἕπίζευξιν

260 1453 424 1494 appellat,
451 1453 513 1485 sed
536 1454 736 1495 exemplum
759 1454 854 1495 quod
878 1454 982 1486 affert
1004 1454 1072 1486 alio
1093 1455 1170 1487 loco
1195 1453 1279 1496 (111,
1306 1453 1362 1494 96,
1382 1453 1423 1486 31
1447 1452 1617 1495 Spengel)

261 1506 330 1539 sub
354 1504 519 1550 ἀναφορά
542 1507 689 1549 profert.
715 1507 957 1542 Herodianum
980 1508 1088 1550 igitur
1110 1517 1130 1540 e
1153 1507 1262 1541 variis
1278 1507 1438 1541 fontibus
1454 1507 1621 1540 hausisse

260 1571 460 1603 parumque
482 1563 647 1595 accurate
669 1562 735 1595 hos
758 1562 1054 1596 contaminavisse
1075 1562 1190 1595 credo.
1218 1562 1316 1595 Idem
1341 1561 1619 1595 Phoebammoni

259 1615 495 1658 obiciendum,
521 1616 584 1657 qui
609 1616 760 1658 (111'46,
789 1616 829 1650 18
855 1615 1021 1659 Spengel)
1046 1617 1185 1658 figurae
1204 1615 1413 1655 ἓπιζεύξεως
1427 1616 1617 1658 largiorem

260 1679 406 1703 sensum
429 1670 554 1703 tribuit
577 1680 685 1712 quam
710 1670 765 1704 111
790 1672 844 1713 55,
870 1671 924 1704 32.

258 1816 361 1840 contra
379 1816 424 1841 tot
442 1822 489 1841 res
507 1816 630 1849 tamque
650 1814 799 1842 evidentes
817 1814 910 1842 dicere
930 1817 1020 1849 potes,
1040 1814 1273 1841 Demosthenes?
1293 1813 1452 1849 Cognitum
1472 1814 1553 1841 enim
1572 1817 1620 1841 est

258 1863 288 1887 te
303 1867 366 1887 rem
381 1860 529 1895 publicem
544 1860 677 1887 venalem
693 1860 839 1895 habuisse,
852 1860 1002 1895 cognitum
1017 1859 1089 1887 est.”
1104 1860 1177 1886 ltem
1193 1859 1348 1895 Hegesiae:
1369 1859 1443 1894 „Sed
1458 1860 1621 1895 instigabat

259 1905 461 1934 multitudinis
485 1907 619 1934 animum
646 1907 682 1934 ad
709 1907 818 1934 bellum
844 1906 1030 1934 inferendum
1056 1906 1220 1933 concitatus
1239 1906 1392 1934 iracundia
1411 1907 1508 1934 furor:
1534 1907 1620 1934 furor

257 1953 390 1988 inquam,
414 1961 474 1980 non
500 1954 584 1988 ratio,
610 1954 674 1981 sine
699 1962 760 1989 qua
784 1954 859 1981 nihil
884 1961 1027 1988 umquam
1049 1944 1174 1988 popul’us
1193 1961 1228 1980 ex
1248 1954 1399 1981 sententia
1416 1952 1536 1988 gessit’'.
1561 1952 1617 1981 Sed

257 1999 388 2035 plurium
407 1999 565 2027 verborum
583 2000 701 2028 iteratio
720 2003 766 2028 est
785 2001 874 2028 huius
893 2000 984 2027 modi:
1004 1999 1061 2034 „At
1079 2006 1133 2034 ego
1152 1999 1183 2027 in
1205 2000 1249 2027 his
1269 2000 1421 2027 aerumnis
1436 2000 1539 2028 amicis
1551 2008 1619 2028 sum

257 2046 400 2081 spoliatus
425 2046 578 2081 omuibus;
607 2047 734 2082 (amicis,
752 2047 884 2082 inquam,
902 2046 1044 2081 spoliatus
1062 2054 1128 2073 sum
1148 2046 1313 2080 omnibus>,
1333 2046 1460 2081 iudices3
1486 2047 1540 2083 qui
1559 2056 1618 2075 non

256 2094 335 2128 quod
361 2101 409 2120 me
434 2094 573 2128 odissent,
592 2094 643 2121 sed
669 2094 747 2129 quod
772 2094 956 2121 inimicorum
982 2093 1139 2120 factionem
1159 2094 1395 2128 pertimuissent,
1415 2102 1463 2121 me
1482 2095 1513 2121 in
1533 2095 1620 2122 malis

256 2140 480 2167 deseruerunt.”
508 2140 550 2167 Ex
578 2141 720 2175 exemplis
747 2144 847 2168 autem
860 2136 986 2167 'allatis'
1003 2148 1053 2167 eos
1080 2140 1117 2166 de
1145 2148 1215 2167 vera
1242 2141 1443 2175 geminatione
1471 2141 1617 2177 cogitasse

256 2186 413 2214 verisimile
439 2195 498 2214 non
523 2190 570 2214 est
595 2190 626 2214 et
651 2186 715 2214 fieri
740 2195 811 2215 sane
837 2189 933 2222 potest
956 2189 993 2213 ut
1018 2186 1149 2213 Rutilius
1176 2187 1252 2214 hanc
1275 2186 1402 2222 figuram
1421 2189 1479 2215 alio
1499 2189 1618 2216 nomine

255 2233 447 2268 appellaverit
465 2241 556 2269 quem
572 2233 609 2261 ad
623 2234 743 2261 modum
758 2232 901 2262 Caecilius
916 2236 947 2271 et
960 2233 1136 2267 Demetrius,
1153 2237 1245 2269 atque
1257 2232 1381 2269 Gorgias
1394 2234 1431 2262 de
1445 2235 1618 2270 repetitione
1627 2218 1643 2236 ⁸

255 2280 482 2315 sententiarum,
501 2289 561 2308 non
580 2281 616 2309 de
635 2289 704 2308 vera
723 2281 920 2316 geminatione
939 2280 1094 2307 verborum
1114 2280 1295 2315 cogitaverit.

291 2326 317 2360 1)
355 2326 399 2354 Cf.
419 2335 446 2362 p.
464 2326 491 2354 3.

291 2372 317 2407 2)
355 2372 399 2401 Cf.
419 2382 445 2409 p.
464 2373 490 2401 4.

291 2419 317 2453 ³)
354 2419 398 2447 Cf.

291 2465 317 2500 ⁴)
356 2466 399 2494 Of.

290 2512 317 2546 5)

289 2558 315 2594 ⁶)

290 2605 315 2640 7)

289 2651 315 2687 ⁸)
