1932 3121
851 273 960 306 *11

255 387 319 411 eos
349 377 420 410 otio
449 378 484 410 et
510 385 619 419 opera
641 385 721 409 esse
743 376 888 419 abusos,
915 378 955 410 ut
976 376 1236 418 discrepantias
1258 375 1351 408 inter
1374 375 1622 417 geminationis

210 472 217 480 ἱ
257 431 393 475 species
415 431 627 464 invenirent.
654 431 755 473 Nam,
782 431 813 464 si
835 441 1001 473 usquam,
1029 432 1096 464 hac
1117 431 1155 463 in
1172 440 1212 463 re
1226 432 1341 464 certos
1357 430 1450 463 fines
1466 431 1623 462 statuere

256 485 402 520 difficile
434 487 489 519 est
518 487 552 519 et
582 485 740 527 antiquis
771 486 1012 528 grammaticis
1043 495 1101 519 res
1132 495 1173 519 eo
1203 485 1383 519 difficilior
1413 484 1492 527 fuit,
1526 483 1622 526 quod

257 540 333 583 ph·
397 540 459 582 phi
489 539 586 581 clari,
613 539 736 581 qualos
768 540 867 573 Plato
896 542 931 573 et
961 541 1166 573 Aristoteles
1197 541 1231 572 et
1263 539 1370 573 Stoici
1393 539 1619 581 posteriores,

255 603 299 628 ea
359 594 519 628 nondum
543 594 857 636 pertractaverant.
1375 611 1377 614 <

302 638 526 681 Wernickius
537 647 567 690 l)
593 657 707 690 nuper
730 648 962 691 investigans,
989 658 1081 690 quae
1105 658 1210 682 verae
1232 647 1481 691 geminationis
1505 647 1620 680 forma

258 704 363 745 esset,
390 702 514 735 statuit
544 702 684 735 Tiberio
714 702 854 735 rhetore
884 703 1036 736 maxime
1066 703 1180 736 fretus
1210 712 1335 735 omnes
1367 702 1442 735 fere
1468 701 1619 744 figuras,

257 757 392 799 quibus
415 757 629 790 vocabulum
653 757 833 798 quoddam
856 759 1047 799 repetatur,
1069 758 1128 791 illo
1144 755 1287 791 nomine
1302 757 1513 790 indicandas
1528 766 1618 797 esse,

261 811 463 844 Woelfflino
488 821 527 844 se
549 820 733 853 opponens
755 811 802 844 ob
825 812 931 844 nimis
954 814 1127 854 angustos
1143 813 1235 845 fines
1251 813 1329 845 eius
1348 811 1565 844 definitionis
1576 810 1619 851 2).
1643 834 1646 837 ⁴

263 865 333 899 Sed
355 865 556 898 Wernickio
581 865 724 898 minime
746 866 931 907 assentior,
960 876 1042 899 nam
1066 876 1285 909 quamquam
1307 868 1444 899 veteres
1459 862 1620 908 rhetores

259 921 404 953 secutus
434 920 483 952 ita
514 919 638 953 statuit
667 919 748 960 (etsi
770 920 909 953 licentia
934 921 1088 962 quadam
1111 921 1331 963 anaphoram
1354 923 1389 953 et
1412 920 1619 962 polyptoton

259 973 432 1016 seclusit),
459 984 502 1007 ex
525 983 596 1007 usu
620 975 716 1007 vocis
740 975 943 1016 geminandi
965 979 1000 1008 et
1022 975 1281 1018 geminationis,
1308 975 1370 1017 qui
1394 974 1490 1016 apud
1512 974 1622 1015 scrip-

259 1030 355 1062 tores
372 1028 517 1062 Latinos
533 1029 637 1070 valet,
660 1028 746 1061 mihi
761 1028 902 1062 efficere
917 1039 1022 1071 posse
1037 1030 1158 1063 videor
1172 1030 1339 1063 artiorem
1356 1029 1456 1062 illum
1474 1038 1621 1062 sensum

261 1083 358 1117 vocis
399 1083 659 1126 geminationis,
703 1092 808 1125 quem
849 1093 915 1126 ego
955 1086 988 1116 et
1029 1084 1252 1119 Woelfflinus
1292 1084 1464 1134 vocabulo
1504 1083 1623 1116 inesse

260 1139 440 1179 putamus,
472 1137 589 1181 magis
624 1147 821 1180 congruere
855 1147 935 1171 cum
972 1138 1240 1180 significatione,
1276 1147 1385 1180 quam
1420 1136 1558 1179 antiqui
1589 1137 1621 1169 ei

260 1191 475 1225 tribuerunt.

262 1305 303 1338 E.
355 1306 413 1338 De
443 1314 528 1337 usu
558 1305 772 1347 vocabuli
803 1301 1139 1348 geminationis.

306 1395 546 1429 Geminare
575 1395 685 1437 vulgo
715 1397 769 1428 est
798 1395 926 1428 iterum
957 1396 1163 1429 continuare
1194 1396 1249 1428 vel
1279 1395 1447 1428 continuo
1476 1395 1618 1436 addere,

261 1449 309 1481 ita
344 1451 381 1481 ut
412 1449 503 1481 inter
534 1458 574 1481 ea
606 1459 698 1490 quae
728 1449 981 1485 continuantur
1010 1452 1044 1482 et
1066 1450 1334 1491 coniunguntur
1357 1459 1508 1491 prorsus
1533 1449 1621 1481 nihil

261 1503 413 1535 intersit.
450 1502 508 1535 Sic
539 1502 673 1536 Gellius
704 1503 804 1536 Noct.
834 1503 904 1535 Att.
931 1503 1018 1535 XIII
1042 1503 1084 1536 25
1110 1502 1196 1546 (24),
1223 1505 1260 1536 4:
1285 1502 1361 1536 Sed
1384 1512 1541 1546 quaero,
1569 1512 1621 1536 an

262 1555 314 1589 M.
346 1552 503 1598 Tullius,
530 1556 731 1590 verborum
746 1556 861 1590 homo
878 1556 1208 1602 diliyentissimus,
1231 1556 1274 1590 in
1290 1556 1477 1599 oratione,
1502 1566 1622 1600 quam

262 1609 362 1645 dixit
386 1610 433 1644 de
456 1610 536 1654 leye
558 1611 721 1655 ayraria
744 1610 934 1645 Kalendis
948 1610 1147 1645 Ianuariis
1162 1612 1297 1645 contra
1314 1611 1485 1654 Rullum,
1509 1611 1623 1645 inani

262 1666 299 1698 et
320 1664 497 1708 inlepida
524 1665 861 1709 yeminatione
883 1663 1048 1699 iumen-it
1074 1665 1304 1699 ‘manubias’
1330 1667 1366 1699 et
1392 1665 1618 1709 ‘praedamss

260 1718 298 1753 si
340 1719 419 1753 duo
449 1719 553 1754 ‘haec
594 1720 708 1754 verba
742 1720 845 1754 idem
878 1720 1104 1764 siqnificant
1136 1729 1258 1763 neque
1293 1719 1377 1754 ulla
1409 1730 1450 1754 re
1484 1719 1623 1764 aliqua

264 1772 481 1807 dissident?
512 1775 578 1808 Ubi
614 1775 748 1808 Gellius
779 1775 981 1808 continuam
1012 1776 1211 1807 iuncturam
1243 1775 1396 1807 duorum
1430 1775 1622 1807 verborum

260 1828 420 1861 eiusdem
444 1828 714 1871 significationis
738 1829 1009 1871 geminationem
1032 1831 1145 1862 vocat.

309 1881 367 1929 Sic
390 1882 563 1915 Horatius
588 1882 705 1916 Carm.
734 1883 762 1924 1,
792 1883 845 1924 16,
872 1883 909 1916 8:

593 1934 648 1969 Si
666 1935 917 1979 qeminant
951 1935 1182 1979 Corybantes
1204 1945 1298 1969 aera

221 1985 229 1994 ’
261 1991 297 2022 et
320 1989 388 2022 Ars
413 1990 507 2023 Poet.
538 1990 591 2031 12,
621 1990 677 2023 13:
701 1990 763 2023 ubi
786 1992 887 2033 poeta
912 1990 1035 2023 suadet
1058 1992 1098 2023 ut
1121 1999 1263 2023 carmen
1287 1999 1401 2022 unum
1426 1991 1487 2022 sit:

235 2050 237 2052 ·
441 2042 518 2077 Sed
539 2053 619 2077 non
642 2045 687 2077 ut
704 2043 877 2087 placidis
899 2045 1033 2077 coeant
1055 2042 1237 2084 immitia,
1264 2052 1344 2076 non
1367 2044 1412 2076 ut

442 2095 643 2140 Serpentes
665 2097 801 2132 avibus
829 2097 1147 2142 yeminentur,
1184 2096 1351 2141 tiyribus
1374 2096 1480 2140 ayni.

263 2151 325 2184 ubi
348 2152 529 2194 geminare
551 2152 643 2185 idem
670 2153 762 2186 valet
785 2163 826 2186 ac
849 2153 1072 2194 coniungere.

311 2205 370 2238 Sic
392 2205 543 2239 Ovidius
566 2207 672 2239 Trist.
700 2207 758 2249 IV,
787 2207 840 2249 10,
867 2207 926 2240 31:

397 2258 559 2303 Iamque
582 2260 707 2295 decem
728 2260 832 2295 vitae
853 2261 975 2294 frater
996 2259 1333 2304 yeminaverat
1356 2269 1483 2294 annos

264 2313 327 2346 ubi
349 2312 614 2357 geminaverat
636 2315 727 2348 idem
753 2315 844 2349 valet
867 2325 908 2348 ac
938 2315 1010 2347 bis
1040 2316 1199 2357 egerat

257 2369 298 2401 et
321 2368 377 2401 Id.
403 2368 484 2401 Met.
511 2369 583 2411 XV,
610 2369 691 2402 677:

354 2420 445 2463 „En
469 2421 563 2456 deus
586 2422 666 2456 est!
689 2422 782 2457 deus
804 2422 883 2457 est!
905 2420 1061 2456 Animis
1084 2421 1307 2466 linguisque
1328 2422 1460 2464 favete,

358 2475 546 2520 Quisquis
568 2477 661 2512 adea
676 2477 712 2511 !’'
740 2476 848 2512 dixit.
876 2475 980 2519 „Sis,
1008 2486 1030 2510 ο
1048 2476 1318 2520 pulcherrime,
1345 2476 1451 2511 visus

303 2609 328 2643 1)
366 2611 385 2638 l.
406 2611 425 2638 l.
445 2611 516 2639 Pars
536 2611 570 2639 ΙΙ.
662 2632 665 2636 .

301 2655 328 2690 2)
367 2657 385 2684 l.
405 2658 424 2685 l.
445 2658 515 2685 Pars
535 2658 569 2692 ΙΙ,
589 2667 653 2694 pag.
673 2658 717 2693 17,
739 2667 766 2685 n.
786 2657 812 2684 2.
