1932 3121
231 429 307 463 336.

230 539 307 572 337.

228 837 304 870 632.

890 323 931 372 ⁵.1

357 429 587 463 Patiamurne
605 437 652 461 an
669 436 859 461 narremus
874 425 1084 469 quoipiam?
1108 426 1224 460 Anus.
1252 424 1316 459 Au
1332 435 1395 468 au,
1423 426 1470 459 mi
1487 426 1593 459 homo

1383 491 1501 514 sanun
1524 491 1563 515 es
1573 481 1591 515 ἓ

356 539 410 571 An
434 538 501 571 hoe
523 536 778 580 proferendum
801 536 865 570 tibi
888 537 1030 570 videtur
1053 535 1235 578 usquam?

637 649 816 692 Adelphoe
838 629 902 683 634
929 649 1036 693 (neus
1058 649 1184 692 heus»

394 724 559 752 Aeschinus
583 724 757 752 adulescens
782 725 818 751 ad
837 725 925 752 aedes
943 726 1055 753 amicae

355 771 547 807 parturientis
566 771 746 807 perveniens.

353 838 471 870 ADUL.
506 837 609 870 Nunc
639 838 705 871 hoc
735 838 944 880 primumst:
978 839 1023 871 ad
1053 838 1132 871 illas
1162 820 1231 880 ibo,
1266 840 1306 871 ut
1336 847 1485 881 purgem
1519 847 1585 870 me.

1213 893 1385 926 Accedam
1407 892 1453 926 ad
1476 893 1583 926 fores·

227 946 304 980 633.
352 947 465 980 Perii:
491 947 658 980 horresco
681 956 831 989 semper,
859 947 920 980 ubi
943 948 1083 989 pultare
1105 948 1212 981 hasce
1233 948 1367 990 occipio
1389 948 1509 981 miser.

225 1000 301 1034 634.
353 1000 461 1034 Heus
468 1000 564 1034 heus
570 1000 587 1034 !
596 1001 793 1034 Aeschinus
804 1010 885 1034 sum
893 1011 971 1044 ego.
985 1002 1126 1043 Aperite
1133 1002 1262 1043 aliquis
1271 1004 1430 1035 actutum
1439 1003 1582 1035 ostium.

225 1054 301 1088 635.
351 1055 474 1088 Prodit
496 1056 615 1088 nescio
638 1055 743 1097 quis:
761 1055 950 1089 concedam
973 1056 1057 1089 huc:

223 1182 516 1215 Aflirmationis:

674 1257 806 1291 Andria
830 1257 894 1291 684
920 1256 1004 1300 (ubi
1025 1256 1126 1300 ubi):

349 1331 465 1359 Ancilla
482 1340 562 1359 eram
582 1340 667 1359 sunm
687 1327 857 1367 alloquitur.
966 1314 969 1317 Ι

222 1396 298 1430 684.
347 1397 439 1430 Ano.
455 1397 532 1431 Iam
544 1396 613 1431 ubi
623 1396 775 1439 abierit,
790 1397 974 1431 inventum
983 1398 1047 1431 tibi
1055 1398 1188 1431 curabo
1196 1400 1230 1431 et
1239 1408 1377 1431 mecum
1385 1399 1580 1432 adductum

221 1451 296 1484 685.
347 1452 458 1484 Tuom
483 1452 725 1493 Pamphilum:
750 1452 854 1485 modo
876 1454 927 1494 tu,
953 1453 1070 1485 anime
1093 1453 1152 1494 mi,
1179 1454 1251 1485 noli
1274 1455 1309 1485 te
1331 1463 1520 1486 macerare.

653 1555 781 1588 Heaut.
809 1556 897 1588 Tim.
924 1555 989 1589 200
1014 1554 1151 1598 (κύαθε

384 1611 479 1658 Senex
499 1638 567 1658 cum
588 1629 647 1657 filio
666 1630 799 1665 loquitur
817 1630 853 1657 de
872 1629 925 1657 filii
939 1630 1041 1663 amico,

346 1678 397 1714 qui
425 1681 538 1713 patrem
558 1685 647 1705 su'um
666 1681 803 1705 metuens
821 1686 942 1719 peregre
961 1678 1041 1705 abiit.

218 1745 294 1778 200.
345 1745 491 1777 FILIUS.
519 1744 612 1782 Quid
635 1746 710 1777 tute
732 1743 876 1777 tecum?
904 1744 994 1777 va.
1023 1745 1160 1777 Dicam:
1185 1745 1274 1778 utut
1295 1747 1382 1786 erat,
1409 1754 1575 1778 mansum

1262 1800 1380 1831 tamen
1404 1800 1573 1841 oportuit.

217 1853 294 1886 201.
343 1854 510 1886 Fortasse
533 1853 754 1893 aliquantum
777 1853 932 1894 iniquior
954 1855 1030 1886 erat
1052 1856 1192 1895 praeter
1215 1854 1292 1886 eius
1314 1854 1517 1886 libidinem:

216 1908 293 1941 202.
343 1908 547 1941 Pateretur:
573 1917 656 1940 nam
680 1917 785 1949 quem
808 1907 926 1949 ferret,
954 1907 984 1940 si
1007 1909 1188 1949 parentem
1214 1917 1285 1940 non
1310 1908 1417 1940 ferret
1440 1907 1574 1941 suom?

682 2011 848 2044 Phormio
871 2010 934 2058 531
961 2009 1101 2053 (πέπιθε

378 2085 456 2113 Leno
473 2085 692 2113 adulescentem
709 2085 878 2120 alloquitur,
897 2085 950 2120 qui
962 2085 1035 2112 ami·

340 2140 405 2160 cam
431 2139 530 2159 emere
554 2132 637 2167 cupit
660 2132 711 2159 sed
730 2131 861 2159 nondum
881 2131 1035 2167 pecuniam

339 2180 409 2207 dare
429 2182 534 2214 potest.
1038 2181 1040 2183 ’

213 2245 288 2278 531.
339 2246 459 2278 LENO.
497 2245 567 2278 Sed
598 2246 687 2279 utut
715 2245 801 2278 haec
824 2247 919 2286 sunt,
953 2246 1070 2277 tamen
1094 2245 1162 2277 hoc
1184 2245 1331 2278 faciam:
1364 2254 1444 2278 cras
1469 2255 1574 2279 mane

1273 2301 1462 2342 argentum
1486 2301 1573 2333 mihi

212 2353 289 2386 532.
337 2354 438 2387 Miles
460 2354 547 2387 dare
570 2364 609 2387 se
631 2354 737 2387 dixit:
763 2355 793 2386 si
816 2356 856 2386 tu
879 2354 976 2395 prior
999 2354 1171 2395 attuleris,
1199 2354 1385 2396 Phaedria,

211 2407 288 2441 533.
336 2409 414 2442 Mea
436 2408 513 2452 lege
536 2411 628 2451 utar,
655 2410 695 2442 ut
718 2409 763 2442 sit
786 2408 900 2451 potior
923 2407 985 2450 qui
1008 2408 1106 2450 prior
1129 2408 1175 2442 ad
1198 2408 1404 2442 dandumst.
1432 2410 1534 2455 Vale.-

675 2512 841 2546 Phormio
863 2512 929 2546 820
953 2511 1094 2555 (αἰκῶς

336 2586 515 2614 Adulescens
533 2595 634 2615 secum
654 2588 794 2624 loquitur.

207 2652 284 2686 820.
333 2654 465 2687 Laetus
499 2663 592 2696 sum,
630 2655 720 2688 utut
753 2664 851 2688 meae
884 2664 941 2687 res
976 2664 1055 2688 sese
1084 2656 1228 2697 habent,
1265 2657 1368 2690 fratri
1398 2658 1570 2700 optigisse

1358 2712 1454 2754 quod
1478 2713 1565 2746 vult.

1416 2766 1450 2795 4·
