1932 3121
951 259 972 291 5

322 364 376 398 10.
425 365 635 405 Anonymus
657 360 737 404 περὶ
760 359 954 411 σχημάτων
979 361 1064 404 (111,
1093 360 1168 402 182,
1192 360 1239 394 ,23
1265 359 1452 402 Spengel):

300 414 568 453 -Ἂναδίπλωσις
598 413 638 448 δέ
667 414 735 448 ἔστι
764 413 894 454 λέξεως
923 416 984 458 τῆς
1011 413 1119 458 αὐτῆς
1140 413 1216 457 ἅμα
1240 411 1434 457 ἐπάλληλος
1455 412 1636 456 προῳορά,

276 470 352 505 οἷον
374 469 504 514 ,,κύριε,
528 469 638 514 κύριε,
657 469 711 514 μὴ
736 469 892 514 ἀποστῇς
914 468 976 503 ἀπ’
1003 468 1130 513 §faofi-'¹
1155 467 1206 502 Εἰ
1225 468 1349 512 γίνεται
1372 467 1393 501 ὁ
1408 466 1514 505 αὐτὸς
1529 466 1638 504 τύπος

275 523 336 558 καὶ
364 522 495 568 μεταξὺ
524 523 791 568 ἐμβεβλημένης
812 522 950 563 λέξεως,
974 521 1050 558 οἷον
1073 522 1162 563 ,,οὗκ
1185 523 1254 557 ἔστι
1277 525 1392 561 ταῦτα,
1417 521 1484 556 οὐκ
1508 521 1634 556 ἔστιν.”

278 577 326 612 Τὸ
350 577 418 622 γὰρ
441 580 547 612 ταῦτα
570 576 794 622 μεσολαβοῦν
817 576 860 612 οὗ
883 577 1045 612 καταλύει
1067 577 1106 612 τὸ
1130 580 1259 623 σχῆμα.

321 653 373 686 11.
423 653 687 687 Phoebammon
713 652 797 696 (ΙΙΙ,
823 652 878 695 46,
906 654 947 686 15
973 652 1158 696 Spengel):

314 705 566 744 Ἀναδίπλωσις
582 705 622 740 δέ
636 706 705 741 ἐστι
719 706 849 746 λέξεων
865 706 918 745 ὀὶς
929 707 951 750 ἢ
963 706 1131 745 πολλάκις
1140 706 1220 751 περὶ
1231 709 1293 741 τοῦ
1306 706 1415 740 αὐτοῦ
1426 705 1635 749 πράγματος

272 761 452 806 προφορά·
478 761 601 805 γίνεται
626 760 664 795 δὲ
683 760 743 795 καὶ
759 760 840 806 διχῆ
855 761 876 806 ἢ
893 761 1124 806 παράλληλος,
1141 761 1194 800 ὡς
1209 761 1263 796 ἴνα
1280 761 1444 805 εἴπωμεν·
1469 760 1511 800 ,,ὁ
1528 760 1633 799 δεῖνα,

273 814 294 847 ὁ
325 814 419 848 δεῖνα
451 814 530 859 οὐχ’
563 814 792 858 ὗπήκουσεν”
825 815 845 848 ὃ
874 815 964 849 ποίει
993 815 1054 859 τὴν
1084 815 1264 855 ἐπίζευξιν,
1295 816 1317 859 ἢ
1345 815 1431 858 μεθ’
1457 815 1587 858 ἑτέρων
1610 815 1632 857 ἢ

271 867 402 912 μεταξὺ
432 868 599 903 τιθέντων
627 870 739 907 τινῶν,
763 867 816 906 ὡς
837 861 1078 913 ἴναέἴπωμεν,
1102 869 1123 903 ὅ
1147 868 1241 903 δεῖνα
1265 869 1286 903 ὅ
1310 869 1385 903 ἐκεῖ
1403 868 1548 913 τρέχων,
1573 867 1633 902 καὶ

272 922 375 956 πάλιν
397 922 652 966 ἕπενέγκωμεν,
676 922 697 956 ὅ
722 921 826 956 δεῖνα.
866 897 902 943 j

320 997 370 1030 12.
420 997 518 1030 Idem
545 996 630 1040 (111,
657 997 711 1039 55,
736 996 780 1030 29
806 996 992 1040 Spengel):

705 1050 742 1095 (ἡ
766 1050 832 1095 μὲν
855 1050 1062 1096 ἀναστροφὴ
1111 1078 1611 1085 ..........
1614 1051 1628 1093 )

271 1105 292 1149 ἡ
318 1104 357 1139 ὂὲ
380 1104 548 1145 ἐπίζευξις
566 1104 609 1139 τὸ
633 1104 718 1139 αὐτὸ
740 1105 980 1148 παρονομάζει
1002 1106 1237 1149 συνημμένως
1260 1105 1312 1143 ὡς
1335 1105 1373 1139 τὸ

308 1157 418 1202 Ἆρες,
435 1158 545 1202 Ἄρες,
569 1158 781 1202 βροτολοιγὲ,
804 1158 978 1203 μιαιφόνε.

270 1212 329 1246 καὶ
352 1212 390 1246 τὸ
414 1212 558 1256 ,,βαρύς,
582 1211 694 1256 βαρὺς
718 1212 906 1251 σύνοικος”
932 1212 991 1247 καὶ
1014 1212 1113 1247 αὗται
1138 1213 1177 1248 δὲ
1200 1213 1273 1257 εἴδη
1299 1212 1582 1251 ἀναδιπλώσεως.

316 1288 368 1321 13.
418 1289 582 1320 Zonaeus
607 1287 691 1330 (ΙΙΙ,
720 1288 794 1329 164,
821 1287 864 1321 29
889 1287 1075 1330 Spengel):

309 1340 560 1378 Ἀναδίπλωσίς
601 1341 669 1375 ἐστι
703 1340 832 1380 λέξεων
865 1341 1034 1385 προφορὰ
1068 1341 1270 1386 ἐπάλληλος,
1306 1341 1380 1375 οἷον
1411 1341 1518 1385 ,,λε’γε,
1549 1340 1627 1384 λέγε

268 1394 454 1440 τάληθές·”
487 1395 610 1439 γίνεται
641 1394 679 1429 δὲ
701 1394 761 1429 καὶ
783 1394 912 1438 μεταξὺ
935 1394 1063 1435 λέξεως
1085 1394 1359 1440 ἐμβεβλημένης,
1384 1395 1436 1433 ὡς
1454 1394 1502 1429 τὸ·
1527 1394 1623 1434 »ἀλλ’

268 1449 335 1482 οὐκ
359 1449 427 1483 ἔστι
450 1452 566 1488 ταῦτα,
590 1449 657 1483 οὐκ
680 1449 805 1483 ἔστιν.”

269 1554 309 1586 Β.
362 1554 628 1595 Scriptores
661 1554 822 1587 Latini.

312 1638 340 1671 1.
391 1637 527 1680 Quint.,
555 1639 644 1671 Inst.
671 1638 732 1671 Or.
760 1638 820 1680 IX,
847 1638 867 1671 3
893 1637 915 1681 §
940 1637 994 1680 28,
1021 1637 1081 1671 29;

313 1692 419 1725 ‘Illud
448 1694 502 1725 est
533 1692 651 1725 aerius
659 1692 687 1734 l)
718 1702 843 1735 genus,
869 1692 964 1733 quod
988 1701 1059 1725 non
1083 1693 1222 1725 tantum
1246 1694 1281 1724 in
1307 1692 1444 1724 ratione
1465 1692 1622 1733 positum

264 1747 318 1778 est
350 1746 530 1788 loquendi,
569 1747 630 1779 sed
665 1747 753 1788 ipsis
787 1746 953 1779 sensibus
987 1756 1067 1779 oum
1099 1746 1250 1788 gratiam
1282 1748 1358 1778 tum
1389 1746 1494 1778 etiam
1528 1746 1622 1779 vires

264 1801 517 1834 accommodat.
553 1802 581 1834 E
606 1790 738 1843 quibus
761 1801 916 1843 primum
940 1801 996 1842 sit,
1022 1801 1118 1842 quod
1142 1801 1183 1833 fit
1211 1810 1274 1842 per
1303 1800 1618 1833 adiectionem.

265 1855 372 1888 Plura
403 1858 488 1900 sunt
518 1865 659 1898 genera.
698 1855 797 1888 Nam.
817 1856 851 1888 et
882 1855 990 1887 verba
1021 1854 1259 1897 geminantur,
1295 1854 1350 1887 vel
1380 1854 1622 1896 amplificandi

263 1909 389 1951 gratia,
415 1911 456 1941 ut
479 1908 612 1950 occidi,
640 1908 762 1947 occidi
783 1918 863 1942 non
886 1907 1074 1951 Spurium
1096 1907 1285 1941 Maelium
1310 1907 1398 1951 (Cio.
1418 1909 1490 1941 Mil.
1519 1907 1542 1951 ξ
1562 1907 1620 1951 72)

264 1962 429 2006 (alterum
468 1965 522 1996 est
559 1963 664 2004 enim,
705 1962 801 2004 qu'od
837 1963 979 2004 indicat,
1017 1963 1168 1995 alterum
1209 1962 1305 2003 quod
1340 1961 1527 2005 affirmat),
1567 1963 1622 1995 vel

262 2017 466 2060 miserandi,
501 2019 540 2050 ut
572 2026 595 2051 o
631 2016 819 2060 Corydon,
858 2015 1047 2060 Corydon.
1083 2015 1202 2059 (Verg.
1237 2017 1311 2050 Ecl.
1346 2017 1384 2049 II
1415 2015 1487 2059 69).
1521 2017 1623 2056 Quae

261 2071 383 2104 eadem
407 2071 525 2113 figura
550 2081 819 2112 nonnumquam
842 2080 905 2112 per
927 2071 1077 2103 ironiam
1097 2070 1143 2103 ad
1158 2070 1369 2103 elevandum
1386 2071 1617 2104 convertitur.

263 2124 397 2159 Similis
427 2125 676 2169 geminationis
703 2127 783 2168 post
806 2125 960 2167 aliquam
983 2125 1258 2158 interiectionem
1282 2125 1444 2168 repetitio
1466 2128 1531 2169 est,
1558 2126 1620 2159 sed

260 2180 367 2222 paulo
389 2181 493 2214 etiam
518 2180 757 2214 vehementior
782 2179 869 2223 (Cio.
895 2179 985 2213 Phil.
1012 2180 1050 2212 ΙΙ
1069 2178 1092 2223 ἓ
1110 2179 1187 2222 64):
1205 2179 1318 2222 bona,
1338 2179 1523 2215 miserum
1539 2181 1622 2215 me!

261 2233 513 2278 (consumptis
537 2233 639 2268 enim
663 2232 835 2268 lam-imis
858 2234 985 2268 tamen
1008 2232 1153 2268 infixus
1175 2233 1306 2268 haeret
1329 2234 1463 2269 animo
1488 2234 1618 2278 dolor)

259 2288 372 2331 bona,
391 2287 567 2333 inquam,
591 2288 656 2323 On.
675 2287 836 2332 Pompei
850 2287 1117 2322 acerbissimae
1127 2288 1211 2323 voci
1221 2288 1393 2324 subiecta
1397 2289 1615 2333 praeconis.

265 2341 366 2376 Vivis
400 2344 437 2377 et
469 2342 565 2377 vivis
599 2352 679 2376 non
713 2342 767 2376 ad
800 2341 1076 2386 deponendam,
1113 2342 1181 2376 sed
1215 2343 1269 2376 ad
1304 2343 1618 2379 confirmandam

258 2396 478 2431 audaciam.
506 2398 551 2431 Et
574 2397 619 2430 ab
641 2397 754 2430 isdem
778 2397 896 2430 verbis
918 2397 1022 2439 plura
1047 2397 1175 2430 acriter
1198 2400 1233 2430 et
1253 2398 1430 2432 instanter
1444 2399 1619 2442 incipiunt

259 2450 346 2493 (Cio.
366 2452 441 2486 Cat.
461 2452 479 2484 I
502 2450 524 2495 ξ
543 2451 597 2494 1):
617 2450 766 2485 nihilne
781 2452 816 2485 te
830 2451 1063 2484 nocturnum
1072 2450 1321 2494 praesidium
1341 2452 1499 2496 Palatii,
1519 2453 1621 2487 nihil

255 2504 365 2539 urbis
394 2505 564 2549 viqiliae,
597 2504 700 2539 nihil
730 2504 847 2539 timor
870 2504 1025 2548 populi,
1060 2504 1163 2539 nihil
1192 2516 1398 2541 consensus
1427 2507 1616 2542 bonorum

292 2598 317 2633 1)
355 2599 423 2628 Seii.
449 2608 540 2635 quam
564 2597 739 2635 παρένθεσις
766 2604 796 2627 et
820 2596 1005 2635 ἀποστροφή,
1026 2599 1138 2635 figurae
1156 2601 1187 2628 in
1207 2602 1399 2637 paragraphis
1417 2602 1617 2638 superioribus

253 2648 407 2675 tractatae.
