1932 3121
922 293 965 326 63

600 410 1036 444 Animadversiones
1068 410 1276 443 selectae.

593 514 816 542 Geminationes
834 516 994 541 occurrunt
1012 513 1042 540 in

355 597 363 605 ο
685 559 795 588 fabulis
813 559 959 587 Plautinis
1356 559 1386 586 in
1405 559 1592 587 Terentianis

346 607 389 631 ‘ln
413 606 479 630 07⁸0

347 652 444 685 senis
773 650 777 652 ’
805 650 848 683 24
1469 650 1491 683 8

345 735 493 777 parasiti
523 781 527 786 Ι

346 789 467 822 militis

325 844 482 877 -lenonis
803 842 843 875 15
1466 844 1487 875 4

345 897 586 939 sycophantae

344 950 506 984 danistae

345 1036 440 1067 servi
803 1035 845 1067 55
1465 1033 1486 1066 9
1526 1077 1531 1082 .

344 1118 581 1151 adulescentis
803 1118 843 1151 19
1441 1117 1485 1149 22

343 1211 437 1234 anus
612 1205 627 1246 1
819 1230 840 1262 8
1462 1230 1484 1262 5

343 1255 444 1287 lenae
613 1250 629 1290 I

343 1333 537 1372 meretricis
614 1343 629 1386 1
818 1368 838 1400 2
1461 1368 1483 1399 0

342 1393 507 1426 tibicinae
612 1388 628 1429 Ι

343 1477 466 1510 uxoris

343 1532 528 1564 matronae
820 1531 836 1562 l
1460 1530 1481 1563 0

341 1585 500 1618 mulieris
612 1548 630 1622 Ι
1173 1583 1176 1586 ’

296 1694 352 1726 Ex
375 1693 442 1726 hac
464 1692 586 1726 tabula
602 1693 830 1735 perspicuum
845 1694 899 1727 est
913 1693 951 1726 in
967 1702 1028 1725 ore
1043 1692 1203 1726 virorum
1219 1693 1340 1735 plures
1357 1693 1615 1736 geminationes

251 1758 272 1781 a
302 1747 416 1790 poetis
446 1747 582 1789 positas
612 1756 691 1780 esse
720 1756 830 1789 quam
859 1747 896 1779 in
927 1756 989 1779 ore
1018 1747 1243 1788 feminarum,
1270 1747 1460 1790 plerasque
1489 1747 1527 1780 in
1550 1757 1615 1781 ore

251 1811 437 1835 servorum
468 1804 502 1835 et
532 1801 822 1835 adulescentium.
857 1801 930 1834 Viri
961 1811 1048 1835 sane
1077 1801 1183 1843 longe
1213 1801 1386 1843 plurimos
1418 1811 1546 1835 versus
1575 1802 1612 1835 in

251 1851 380 1889 scaena
413 1856 657 1898 pronuntiant,
696 1856 758 1888 sed
791 1856 897 1888 etiam
931 1865 997 1896 pro
1031 1855 1167 1888 ratione
1201 1856 1323 1897 plures
1354 1856 1613 1897 geminationes

250 1910 449 1952 proferunt.

295 1965 417 1998 Restat
448 1967 488 1998 ut
515 1974 629 2007 pauca
652 1965 766 1998 dicam
790 1965 834 1997 de
857 1965 966 1998 variis
990 1964 1178 1997 affectibus
1201 1964 1311 1997 animi
1333 1974 1426 2006 quos
1448 1964 1608 1998 distinxi.

249 2018 348 2057 Quos
378 2029 460 2053 cum
491 2019 593 2052 valde
622 2019 714 2052 inter
745 2028 784 2052 se
813 2020 984 2062 cognatos
1014 2027 1094 2051 esse
1115 2020 1149 2051 et
1171 2018 1347 2051 fluctuare
1370 2018 1472 2052 facile
1494 2019 1612 2052 cuivis

249 2074 430 2116 appareat,
456 2073 600 2116 saepius
623 2073 823 2115 exemplum
846 2073 883 2106 in
906 2074 1013 2115 caput
1035 2071 1319 2121 exprobrationis
1342 2082 1364 2105 a
1387 2082 1444 2105 me
1460 2072 1612 2107 relatum

249 2137 321 2160 non
345 2127 465 2160 minus
488 2129 582 2161 recte
603 2127 641 2160 in
664 2129 772 2169 caput
786 2127 1041 2169 indignationis
1057 2126 1189 2159 referre
1203 2128 1374 2168 poteram,
1394 2129 1434 2159 ut
1449 2127 1613 2169 exempla

248 2180 484 2215 confidentiae
513 2181 606 2215 inter
635 2181 796 2224 exempla
826 2180 1087 2215 affirmationis.
1120 2180 1196 2222 Ipsi
1218 2180 1313 2213 enim
1338 2180 1467 2214 rationi
1490 2181 1613 2215 divisi-

248 2245 359 2269 onum
400 2229 467 2269 hoc
507 2235 633 2269 vitium
675 2236 846 2278 inhaeret,
884 2236 981 2277 quod
1023 2236 1122 2268 varia
1156 2245 1288 2277 genera
1324 2236 1412 2268 satis
1447 2238 1615 2270 accurate

247 2291 449 2324 discernere
476 2299 548 2324 non
571 2300 777 2332 possumus.
812 2291 997 2323 Praeterea
1021 2289 1140 2323 varios
1163 2289 1282 2335 animi*
1296 2289 1448 2322 affectus
1471 2291 1613 2323 tantum

247 2345 423 2387 quantum
445 2344 522 2387 ipse
544 2354 635 2378 usus
649 2345 825 2387 postulat,
853 2343 1091 2387 seiungendos
1115 2343 1268 2386 suscepi.

291 2399 576 2442 Triplioationem
611 2400 726 2433 sexies
756 2399 945 2433 inventam‘
967 2399 1004 2431 in
1035 2398 1168 2447 tabulis
1201 2398 1388 2440 Plautinis,
1430 2408 1612 2441 nusquam

246 2452 284 2486 in
311 2452 545 2496 Terentianis,
570 2453 664 2487 inter
686 2453 847 2496 exempla
869 2452 973 2487 allata
997 2452 1124 2496 recepi,
1150 2452 1235 2494 quia
1259 2452 1342 2486 huic
1365 2453 1514 2486 eandem
1538 2452 1612 2486 vim

246 2507 365 2541 inesse
398 2509 485 2550 puto
519 2509 628 2549 atque
660 2507 901 2551 duplicationi.
939 2506 1128 2540 Nonnullis
1162 2507 1249 2540 locis
1286 2517 1358 2541 non
1393 2507 1471 2540 sine
1502 2517 1613 2541 causa

247 2552 440 2604 suspiceris
469 2571 548 2596 eam
578 2561 935 2604 duplicationis'vice
964 2561 1068 2604 fungi
1098 2561 1202 2594 metri
1225 2570 1346 2604 causa,
1373 2561 1422 2594 ita
1445 2563 1485 2594 ut
1509 2561 1609 2594 Pers.

201 2613 204 2615 ’
248 2613 312 2649 766
343 2615 413 2649 Leo
443 2615 510 2658 bis,
537 2615 832 2650 Goetz-Schoell
861 2617 915 2649 ter
945 2623 1028 2658 aye,
1055 2615 1201 2648 Trucul.
1227 2615 1290 2649 621
1317 2614 1614 2650 Goctz—Schoell

245 2662 407 2710 ter,‘Leo
429 2669 496 2712 bis,
524 2670 717 2713 Ussingius
741 2670 849 2704 semel
871 2668 954 2703 iam
977 2670 1198 2712 scripserint.
