1932 3121
968 265 1010 299 64

350 369 437 401 Aliis
470 368 557 401 locis
591 369 789 410 triplicatio,
825 369 1121 412 quadruplicatio,
1156 372 1220 403 cet.
1258 371 1299 403 ut
1334 370 1561 403 cohaerentes
1594 379 1675 403 cum

302 423 537 456 caeremoniis
577 423 808 456 sollemnibus
821 422 850 466 1)
887 423 970 456 inde
1004 423 1122 458 iocose
1155 424 1350 458 translatae
1384 433 1463 457 esse
1495 424 1672 467 videntur,

302 478 351 510 cf.
386 477 550 509 Pseudol.
585 477 662 518 243,
690 478 751 510 ubi
783 487 912 510 servus
943 478 1093 511 callidus
1125 479 1244 512 lenoni
1274 488 1380 520 quem
1412 478 1533 511 fallere
1556 478 1675 511 studet

307 530 394 563 haec
415 530 516 564 dicit:
542 531 686 573 „Hodie
710 533 802 573 nate,
829 531 919 564 heus
944 531 1049 565 hodie
1072 534 1170 566 nate:
1194 533 1258 565 tibi
1273 542 1339 575 ego
1355 532 1450 565 dico:
1468 532 1557 564 heus
1573 531 1677 565 hodie

306 587 400 627 nate,
428 585 503 617 redi
527 587 561 618 et
585 585 720 627 respice
743 586 788 618 ad
812 585 921 618 nos.’'

353 640 431 672 Non
456 640 571 681 recepi
595 649 715 673 vocem
741 638 922 683 quisquis
943 640 1094 682 eiusque
1116 651 1223 674 casus
1240 641 1414 683 obliquos,
1434 649 1527 681 quae
1541 640 1678 673 formae

307 694 420 726 multo
443 694 587 735 saepius
611 694 790 727 adhibitae
806 696 892 727 sunt
907 704 1017 736 quam
1033 695 1134 737 utut,
1153 693 1302 737 ubiubi,
1321 695 1403 736 plus
1419 694 1513 727 enim
1530 694 1673 736 centies,

307 758 421 791 paene
443 748 546 782 toties
571 749 709 790 quoties
733 750 882 782 cunctae
905 758 925 782 a
950 758 1007 782 me
1022 751 1184 792 receptae
1198 749 1453 793 geminationes
1469 750 1673 782 occurrunt.

308 805 382 837 Eas
405 804 520 845 omisi,
547 804 631 846 quia
656 804 711 837 vis
735 804 985 846 geminationis
1009 804 1046 836 in
1072 803 1252 847 quisquis
1274 805 1338 837 cet.
1366 804 1481 846 magis
1503 804 1677 837 obsolevit

306 867 417 899 quam
448 858 485 890 in
517 859 607 891 utut
636 860 715 900 cet„
744 860 851 900 atque
882 868 1079 900 pronomen
1113 857 1291 902 quisquis
1323 858 1359 890 in
1391 867 1453 891 ore
1484 858 1593 891 situm
1624 859 1678 891 est

306 912 468 945 omnium
504 922 739 954 personarum
775 913 978 954 promiscue
1013 913 1182 947 affectum
1213 914 1370 947 animum
1403 922 1574 955 magnum
1605 922 1677 946 non

308 967 554 1008 indicantium,
581 967 630 999 ita
662 969 702 999 ut
734 967 936 1008 pronomini
969 966 1149 1010 quisquis
1178 977 1269 1000 usus
1292 967 1460 1008 proprius
1483 966 1678 999 attributus

308 1021 367 1062 sit,
402 1030 423 1053 a
463 1021 636 1054 vocabulo
676 1022 827 1064 simplici
866 1018 1087 1064 discrepans,
1117 1023 1232 1065 magis
1262 1030 1370 1064 quam
1401 1021 1501 1064 utut,
1528 1019 1675 1054 ubiubi.

316 1074 409 1108 Utut
431 1076 557 1117 recepi,
584 1076 750 1117 quamvis
773 1077 850 1109 eius
875 1076 931 1109 vis
955 1077 1204 1118 geminationis
1221 1076 1400 1109 interdum
1416 1084 1529 1117 paene
1543 1075 1677 1108 obsole-

309 1130 412 1171 verit,
440 1140 553 1171 aeque
576 1140 617 1163 ac
635 1131 747 1172 attat,
767 1131 824 1164 cui
842 1131 1016 1164 vocabulo
1033 1141 1124 1164 usus
1139 1131 1306 1173 proprius
1323 1130 1467 1172 quidem
1484 1130 1678 1163 attributus

308 1186 374 1225 est,
403 1193 423 1216 a
454 1185 627 1217 vocabulo
652 1185 801 1227 simplici
825 1185 1046 1227 discrepans,
1074 1186 1136 1218 sed
1161 1195 1298 1227 semper
1321 1185 1483 1217 indicans
1507 1194 1678 1227 magnum

310 1237 481 1271 affectum
505 1239 625 1272 animi.

356 1293 575 1325 Vocabulum
610 1303 863 1336 quamquam,
898 1295 964 1326 etsi
997 1304 1268 1335 nonnumquam
1299 1294 1420 1328 eadem
1452 1293 1676 1336 significatio,

308 1356 383 1388 qua
410 1356 531 1389 quam
554 1347 755 1390 adhibetur,
782 1348 968 1381 interlucet
994 1347 1044 1389 (cf
1067 1348 1183 1381 Plaut.
1204 1348 1301 1381 Asin.
1324 1347 1401 1390 831,
1428 1347 1557 1381 Bacch.
1580 1346 1676 1389 1152,

314 1402 412 1443 1171,
449 1402 579 1436 Casina
603 1402 666 1435 421
693 1402 857 1444 passim),
885 1402 982 1444 apud
1006 1403 1173 1435 Plautum
1198 1403 1271 1435 fere
1294 1402 1455 1445 sexagies
1479 1402 1680 1435 coniunctio

308 1459 376 1498 est,
405 1457 441 1489 in
466 1466 538 1498 qua
563 1457 776 1499 significatio
800 1457 970 1499 primaria
994 1457 1178 1489 obsolevit.

358 1510 446 1545 Sese
477 1521 548 1544 non
580 1512 706 1554 recepi,
741 1521 833 1553 quae
862 1521 932 1544 vox
962 1511 1043 1553 plus
1067 1511 1198 1544 centies
1222 1510 1379 1544 adhibita
1403 1512 1457 1544 est
1480 1511 1682 1553 promiscue

312 1566 359 1597 ab
389 1565 557 1598 omnibus
588 1566 751 1607 personis
783 1575 955 1608 magnum
987 1566 1153 1599 aflectum
1187 1566 1295 1598 animi
1324 1575 1395 1598 non
1425 1565 1678 1598 indicantibus.

313 1620 385 1652 Nec
415 1621 551 1652 certum
583 1620 773 1653 discrimen
804 1620 897 1653 inter
928 1629 1008 1654 sese
1037 1621 1072 1653 et
1103 1629 1142 1653 se
1170 1620 1240 1653 iam
1263 1620 1402 1653 ostendi
1425 1621 1551 1661 potest.
1586 1619 1680 1657 Quin
1704 1644 1709 1649 .

310 1675 419 1708 etiam
441 1676 580 1709 Terent.
603 1675 746 1708 Phorm.
767 1675 944 1709 918-920
961 1676 1132 1718 legimus:
1147 1674 1682 1718 (Seneaesutrmmavooeatterumsemm

313 1729 479 1771 alloquitur)
494 1740 502 1761 :
529 1730 649 1771 „Tum
674 1732 792 1762 autem
818 1730 1054 1771 Antiphonem
1077 1730 1178 1762 video
1193 1730 1239 1762 ab
1254 1739 1332 1763 sese
1346 1730 1507 1762 amittere
1522 1730 1680 1762 Invitum

313 1792 404 1825 eam,
431 1784 550 1825 inque.
580 1783 683 1826 (Senex
698 1793 767 1815 atter
782 1793 817 1815 aa
831 1783 1003 1823 parasitum)
1029 1784 1120 1816 Tum
1140 1785 1257 1816 autem
1274 1784 1377 1816 video
1391 1783 1504 1816 filium
1523 1783 1680 1816 Invitum

313 1847 403 1871 sane
426 1838 609 1871 mulierem
633 1838 679 1872 ab
701 1848 741 1872 se
763 1838 964 1872 amittere”.
1000 1838 1069 1872 Ubi
1092 1838 1128 1871 in
1153 1839 1326 1872 sententia
1349 1838 1479 1872 dictata
1503 1838 1549 1871 ab
1572 1838 1682 1871 altero

314 1893 474 1935 repetita,
500 1903 579 1927 sese
608 1896 642 1926 et
673 1903 712 1926 se
742 1895 1004 1935 permutantur.
1040 1893 1131 1925 Fieri
1154 1895 1269 1934 potest
1291 1894 1332 1925 ut
1356 1892 1458 1925 metri
1482 1892 1537 1925 vel
1560 1902 1682 1925 nume-

314 1957 438 1980 rorum
474 1957 583 1981 causa
619 1947 701 1991 (hoc
731 1948 768 1981 in
800 1948 961 1981 oratione
992 1945 1123 1988 soluta)
1155 1947 1306 1981 alterum
1338 1946 1550 1981 vocabulum
1582 1947 1683 1980 alteri

313 2004 481 2044 praestet,
516 2003 579 2035 sed
611 2003 678 2036 hoc
701 2003 856 2044 amplius
880 2002 1057 2044 explicare
1080 2002 1125 2035 ab
1148 2002 1214 2035 hoc
1237 2002 1313 2035 loco
1337 2001 1491 2035 alienum
1516 2004 1570 2035 est
1581 2001 1624 2045 2).

360 2057 438 2089 Non
452 2058 567 2099 recepi
579 2058 738 2090 eiusdem
752 2057 916 2090 vocabuli
931 2057 986 2089 vel
997 2056 1154 2099 syllabae
1164 2057 1369 2090 iterationes
1381 2056 1427 2089 ab
1436 2056 1579 2090 homine
1585 2057 1683 2090 ebrio

312 2113 349 2144 et
372 2112 495 2153 lingua
519 2112 688 2144 titubanti
711 2112 870 2153 prolatas
895 2111 992 2143 velut
1016 2111 1129 2143 Plaut.
1157 2111 1260 2144 Most.
1288 2110 1365 2152 319,
1396 2110 1472 2153 331,
1499 2111 1576 2152 325,
1603 2111 1680 2144 328.

361 2165 437 2198 319.
488 2165 627 2206 Ecquid
651 2166 714 2198 tibi
739 2165 862 2198 videor
886 2164 1220 2198 ma-ma-ma-dere?
1246 2164 1324 2197 331.
1351 2165 1430 2197 Tun
1455 2174 1511 2197 me
1534 2165 1587 2198 ais

1347 2219 1655 2252 ma-ma-ma-dere
1665 2218 1682 2251 ’ἓ

362 2274 439 2306 325.
488 2273 704 2307 0-0-ocellus
728 2284 767 2306 es
791 2282 904 2306 meus.
933 2273 1007 2305 328.
1038 2273 1122 2306 Sine
1145 2273 1222 2306 sine
1246 2272 1372 2305 cadere
1395 2282 1461 2306 me.

355 2426 380 2460 1)
418 2426 462 2454 Cf.
482 2427 522 2453 Ed
553 2427 680 2454 Norden.
705 2427 802 2462 Vergil
823 2426 944 2461 erkliirt,
964 2435 990 2461 p.
1009 2425 1073 2462 136,
1092 2426 1155 2453 461.

354 2472 380 2507 2)
419 2473 570 2501 Charisius
596 2474 618 2507 Ι,
637 2473 674 2501 15
700 2473 735 2508 (1,
755 2483 781 2509 p.
802 2473 853 2501 111
884 2473 962 2508 Keil)
988 2474 1147 2502 discrimen
1173 2481 1204 2501 se
1223 2473 1369 2500 invenisse
1389 2476 1488 2508 putat:
1509 2481 1557 2507 „se
1576 2475 1607 2500 et
1625 2480 1687 2500 sese

318 2521 492 2555 pronomina
517 2521 561 2548 ita
586 2521 746 2556 distinguit
771 2519 914 2554 (Caesar),
937 2523 970 2547 ut
995 2529 1025 2548 se
1050 2521 1193 2554 dicamus,
1212 2528 1280 2547 cum
1303 2520 1432 2554 aliquem
1452 2520 1523 2555 quid
1543 2520 1574 2546 in
1592 2519 1685 2546 alium

317 2568 421 2595 fecisse
450 2568 643 2603 ostendimus,
673 2572 708 2595 ut
736 2571 810 2603 puta
835 2565 893 2594 ‘ille
921 2567 991 2595 dicit
1016 2576 1047 2595 se
1074 2568 1129 2595 hoc
1153 2567 1197 2594 illi
1223 2567 1349 2602 fecisse'3
1379 2575 1446 2595 cum
1472 2570 1572 2595 autem
1599 2567 1629 2594 in
1655 2574 1686 2593 se

317 2615 425 2649 ipsum,
444 2618 517 2642 tunc
536 2616 671 2642 dicamus
690 2623 753 2642 sese
773 2615 855 2641 velut
875 2613 957 2641 ‘dixit
977 2622 1040 2642 sese
1060 2615 1115 2642 hoc
1134 2614 1190 2641 sibi
1204 2614 1326 2641 fecisse’.
1346 2613 1400 2641 Sed
1417 2615 1470 2641 lias
1483 2621 1580 2641 meras
1593 2620 1688 2648 nugas
1715 2605 1719 2608 ⁴

315 2669 390 2696 esse,
410 2663 456 2688 vel
475 2662 571 2697 prima
589 2661 687 2696 capita
706 2661 774 2688 libri
793 2661 848 2696 „de
868 2660 949 2689 Bello
969 2660 1098 2689 Gallico'’
1118 2661 1229 2696 legenti
1249 2661 1408 2696 apparebit.
