1932 3121
1012 268 1057 301 86

348 371 598 405 demonstrare
628 380 734 414 posse
764 371 850 404 mihi
880 370 1003 405 videor
1026 371 1315 416 deminutionem,
1342 382 1451 415 quam
1473 372 1511 406 in
1533 372 1578 406 iis
1600 373 1719 407 inesse

350 425 497 458 minime
515 434 618 467 nego,
643 426 713 458 iam
734 426 771 458 in
793 425 966 458 vocabulo
985 435 1056 459 non
1074 426 1253 469 geminato
1264 436 1333 462 zoo
1347 426 1465 460 inesse
1479 426 1717 470 significatam

351 488 438 512 voce
459 479 538 512 eius
561 480 624 522 qui
646 480 804 522 loquitur
815 478 858 521 1).
885 479 976 513 Nam
999 489 1072 514 non
1093 481 1210 515 solum
1225 481 1376 516 dicimus
1394 480 1424 515 't
1437 479 1474 515 is
1488 489 1602 516 maar
1615 489 1660 515 zo
1673 490 1717 515 ιο

348 534 414 567 sed
433 534 538 567 etiam
562 533 592 567 't
606 533 642 568 is
660 543 775 567 maar
788 543 845 567 zo.
872 534 1027 581 Roganti
1040 534 1113 569 hoe
1126 535 1192 569 vin
1199 535 1244 579 Je
1258 535 1329 569 dat
1344 533 1464 569 hoelo?
1482 535 1718 577 respondetur

347 589 385 620 et
407 596 450 620 zo
473 596 517 621 zo
540 590 574 621 et
597 597 651 621 zo.
679 588 756 621 Hoc
780 588 889 621 semel
911 589 1185 631 pronuntiatum
1207 598 1250 624 zo
1273 590 1343 623 iam
1367 589 1473 623 debili
1495 594 1585 622 sono
1607 588 1654 623 ab
1675 598 1718 623 eo

348 642 416 682 qui-
435 642 594 683 loquitur
617 642 872 684 pronuntiatur
883 641 926 684 2).
957 642 1016 676 Sic
1039 643 1253 677 vocabulum
1273 644 1402 686 legitur
1420 643 1516 685 apud
1536 645 1717 676 auctorem

351 695 584 738 MultatuliS).
620 697 697 729 Hoc
719 705 762 729 zo
785 696 900 730 debile
922 698 957 730 et
979 697 1077 730 iners
1100 697 1338 740 geminatione
1360 698 1587 731 asseveratur
1610 698 1719 739 atque
1756 716 1760 720 -

351 750 392 783 fit
415 759 458 783 zo
481 760 536 793 zo,
563 751 658 793 quod
682 751 774 784 idem
800 751 893 784 valet
916 753 1025 793 atque
1046 761 1101 793 zo,
1119 751 1170 795 ja
1191 761 1235 786 zo
1245 751 1289 796 4).
1326 752 1364 786 Si
1385 752 1429 786 ιο·
1452 761 1534 785 cum
1556 751 1718 796 emphasi

351 805 623 846 pronuntiatum
633 805 847 847 geminatur,
862 805 905 838 fit
915 806 961 839 τό
971 806 1015 839 26
1028 806 1123 847 quod
1136 807 1387 848 gravissimam
1401 806 1473 839 vim
1485 803 1663 849 significat
1670 805 1713 848 ⁶).

399 858 458 893 Sic
499 860 643 893 demum
683 860 900 903 intellegitur
943 860 1121 902 quomodo
1155 861 1374 902 geminatum
1407 859 1508 895 rood
1539 858 1714 900 rubrum,

350 922 395 946 ex
430 914 538 947 semel
573 914 789 947 haesitanter
824 915 1054 956 pronuntiato
1083 913 1247 948 rubrum
1277 916 1507 958 geminatum,
1533 914 1571 947 in
1593 913 1717 956 lingua

351 967 528 1001 Hebraica
570 968 639 1010 (fac
676 964 741 1001 hoc
776 970 912 1002 certum
946 967 1040 1010 esse)
1076 967 1335 1003 subrubidum
1368 969 1571 1012 significare
1604 968 1717 1013 possit

351 1024 385 1053 et
419 1021 456 1054 in
491 1022 614 1064 lingua
649 1022 851 1063 Aethiopica
863 1021 893 1063 6)
928 1022 1020 1055 idem
1056 1022 1121 1055 fiat
1150 1022 1186 1054 in
1219 1023 1341 1066 muitis
1371 1022 1553 1056 adiectivis
1583 1022 1717 1055 colores

351 1075 604 1117 iudicantibus,
638 1078 674 1109 at
705 1079 828 1109 contra
857 1076 894 1109 in
926 1076 1048 1119 lingua
1060 1075 1090 1118 ⁷)
1122 1085 1231 1118 quam
1261 1077 1398 1111 incolae
1418 1076 1558 1110 insulae
1580 1075 1718 1109 Hawaii

352 1133 532 1171 usurpant
562 1131 655 1163 idem
687 1131 906 1172 geminatum
936 1129 1038 1163 rood
1066 1132 1101 1162 et
1123 1130 1160 1162 in
1184 1130 1308 1172 lingua
1332 1131 1454 1175 Italica
1476 1138 1585 1163 rosso
1608 1138 1717 1162 rosso

352 1183 455 1216 valde
486 1184 638 1217 rubrum
669 1184 871 1227 significent
882 1183 926 1226 8).
960 1183 1116 1217 Variatio
1127 1183 1157 1223 9)
1188 1184 1286 1217 vocis
1309 1184 1418 1225 efficit
1441 1185 1481 1217 ut
1505 1183 1716 1218 vocabulum

352 1248 423 1271 non
465 1239 684 1280 geminatum
726 1239 845 1272 varias
885 1238 1165 1281 significationes
1204 1238 1363 1280 accipiat,
1402 1248 1494 1280 quas
1528 1238 1718 1281 geminatio

353 1301 494 1333 semper
541 1295 724 1325 asseverat
735 1292 792 1334 10).
841 1292 900 1325 Sic
939 1293 1113 1334 suspicor,
1154 1302 1237 1325 nam
1267 1293 1412 1341 linguae
1439 1302 1511 1334 qua
1542 1292 1718 1325 Daiacceri

388 1434 413 1468 1)
453 1430 642 1470 Quamquam
669 1436 790 1462 maximi
817 1436 960 1462 momenti
987 1435 1109 1462 variatio
1136 1435 1213 1462 vocis
1238 1435 1269 1462 in
1297 1435 1385 1462 rebus
1411 1435 1611 1469 grammaticis
1630 1434 1719 1462 nimis

351 1489 438 1516 saepe
457 1482 632 1518 neglegitur.

389 1528 414 1561 ²)
453 1528 496 1556 Cf.
517 1529 653 1561 Bindaeii⁷
674 1529 749 1563 Ροιῐ,
776 1537 802 1563 p.
822 1528 894 1555 101:
915 1528 1089 1562 &hinet-nd,
1108 1529 1265 1563 aehnelnd,
1286 1528 1503 1563 mittelm'assig‚
1522 1536 1554 1555 so
1572 1535 1614 1562 so,
1633 1527 1661 1554 la
1681 1528 1718 1560 la,

353 1575 408 1601 wie
427 1575 479 1602 das
498 1575 640 1602 deutsche
660 1573 754 1609 ‘-lich‚
772 1575 867 1602 etwa'.

389 1621 415 1655 3)
453 1622 616 1656 Muitatuli,
636 1620 774 1650 Brieven2
794 1622 805 1649 1
824 1621 862 1649 92
880 1622 918 1649 al.
938 1622 971 1649 1:
990 1621 1038 1649 Ik:
1064 1621 1122 1649 Hoe
1141 1624 1292 1649 amuseeit
1310 1621 1350 1657 gij
1370 1630 1390 1648 u
1411 1621 1495 1648 hier?
1515 1620 1573 1656 Zssy':
1592 1620 1719 1648 Zoooooo

351 1668 404 1704 (gij
427 1668 499 1696 kent
518 1669 553 1696 de
573 1668 768 1703 toonbuiging
787 1668 953 1696 waarmede
973 1676 1039 1695 men
1060 1677 1109 1696 τοο
1129 1669 1187 1695 kan
1208 1676 1327 1703 zeggen,
1346 1668 1398 1695 dat
1415 1668 1468 1695 het
1487 1667 1523 1694 de
1543 1667 1649 1694 kracht
1662 1675 1717 1694 van

352 1715 483 1749 ellendig
502 1714 665 1750 verkrijgt).

389 1761 415 1796 4)
454 1761 535 1789 idem
564 1761 621 1790 dici
651 1764 746 1797 potest
770 1762 806 1789 de
832 1761 938 1796 gallico
965 1762 994 1789 la
1020 1761 1058 1794 la,
1085 1770 1154 1789 nam
1180 1765 1211 1789 et
1238 1761 1292 1789 hoc
1318 1770 1377 1789 non
1403 1761 1588 1796 geminatum
1613 1760 1717 1788 endem

352 1809 567 1844 significatione
587 1809 705 1844 iegitur,
724 1809 760 1836 ct'.
783 1809 982 1836 Darmesteter
1000 1812 1030 1836 et
1049 1809 1207 1836 Hartzseld.
1228 1808 1425 1836 Dictionnaim
1445 1807 1575 1843 general,
1594 1816 1616 1835 s.
1634 1816 1659 1835 v.
1674 1809 1717 1834 la:

353 1855 415 1889 „Lc‘t
441 1863 478 1882 ou
508 1856 537 1882 Ιά
563 1856 593 1882 Iti
619 1855 775 1889 ἱππεῖ-ῥοαὶ,
801 1854 850 1888 La,
876 1863 913 1881 ne
933 1863 1003 1882 vous
1022 1855 1152 1882 troublez
1172 1855 1263 1889 point.
1284 1854 1325 1882 L'a
1343 1853 1374 1881 Ιὲ,
1392 1854 1538 1888 maxume,
1557 1856 1624 1881 tout
1643 1853 1718 1880 dou-

351 1905 484 1935 cement;
520 1905 576 1929 cet.
613 1901 649 1929 Et
684 1901 714 1929 in
750 1901 854 1936 lingua
882 1900 994 1929 Graeca
1020 1899 1090 1928 ὅσον
1117 1900 1187 1929 ὅσον
1214 1904 1245 1929 et
1272 1899 1342 1928 ὅσον
1370 1901 1457 1928 ambo
1485 1900 1718 1928 mediocritatem

351 1949 558 1985 significantia.

389 1995 414 2029 5)
453 1996 521 2030 „Zo'‚
541 1996 574 2023 ιό
599 2004 636 2022 en
661 1995 725 2023 niet
743 1995 858 2022 anders.
879 1995 926 2029 Zo’,
946 1995 978 2022 τό
997 1995 1044 2021 wil
1064 1995 1094 2022 ik
1113 1994 1165 2022 het
1184 1994 1308 2022 hebben.
1335 1995 1371 2022 Et
1389 1995 1420 2022 in
1439 1994 1570 2022 carmine
1589 1994 1717 2029 quodam

351 2042 388 2069 de
408 2042 563 2069 nativitate
585 2041 679 2069 lesus:
700 2040 814 2075 „‘Jezus
834 2041 858 2068 is
878 2041 1023 2076 geboren',
1042 2041 1081 2076 τό,
1101 2041 1134 2069 τό
1153 2041 1252 2069 klinkt
1271 2049 1325 2069 ons
1343 2041 1495 2069 dankbaar
1514 2040 1599 2069 lied''.
1629 2041 1631 2043 ’
1664 2038 1668 2043 ’

389 2088 414 2122 6)
454 2089 530 2124 Pott,
551 2098 576 2124 p.
596 2088 660 2116 102.

389 2135 414 2168 7)
452 2137 505 2162 ula
531 2136 607 2169 roth,
633 2136 704 2162 aber
729 2135 853 2162 ula-ula
876 2134 1051 2168 (roth-roth)
1070 2135 1228 2172 Scharlach
1248 2135 1294 2162 od.
1314 2143 1434 2170 purpur.
1456 2135 1524 2162 Pott
1542 2135 1561 2162 1.
1582 2135 1600 2162 1.
1621 2143 1646 2170 p.
1666 2133 1718 2168 87;

353 2181 482 2210 Wundt³
501 2183 522 2217 1,
542 2182 568 2215 1,
589 2191 614 2218 p.
633 2181 698 2209 638.

389 2228 415 2262 8)
456 2229 595 2263 Wiiisssin,
615 2230 634 2256 1.
655 2230 673 2256 l.
694 2227 750 2255 473
775 2236 859 2255 rosso
884 2236 966 2255 rosso
990 2237 1040 2255 um
1060 2229 1117 2256 den
1135 2228 1301 2256 intensivcn
1321 2228 1481 2255 Gharacter
1499 2228 1552 2256 der
1571 2227 1663 2255 Far-be
1683 2236 1716 2254 zu

353 2276 539 2303 bezeichnen.

388 2321 414 2358 9)
453 2321 495 2349 Cf.
521 2322 596 2349 illud
622 2322 734 2349 dictum
762 2320 841 2348 Guil.
866 2321 1061 2348 Humboldtii:
1087 2321 1174 2349 seder
1192 2321 1244 2348 der
1264 2321 1475 2349 wiederholten
1495 2321 1590 2348 Laute
1607 2321 1719 2356 spricht

352 2370 404 2396 das
423 2378 514 2404 ganze
533 2368 637 2404 Object
656 2378 719 2404 aus,
739 2370 798 2396 iam
821 2368 982 2395 laudatum.

389 2415 428 2450 10)
466 2416 582 2443 Wundt
607 2417 627 2443 l.
648 2417 666 2443 1.
686 2416 707 2451 1,
727 2416 754 2450 1,
775 2424 801 2451 p.
820 2414 890 2442 638:
918 2415 1040 2442 Endiich
1067 2416 1186 2443 konnen
1207 2411 1280 2443 vabet·
1299 2415 1376 2443 auch
1396 2415 1634 2443 nebeneinander
1653 2423 1718 2443 ver-

353 2464 509 2491 schiedene
529 2464 676 2499 derartige
696 2463 937 2491 Modifikationen
958 2463 1040 2490 einer
1053 2463 1243 2498 Eigenschaft
1255 2463 1349 2491 durch
1365 2462 1550 2490 wechselnde
1563 2462 1720 2497 Betonung

353 2511 404 2537 des
423 2513 510 2537 einen
531 2510 887 2545 Wiederholungswortes
906 2509 1077 2536 bezeichnet
1095 2509 1223 2543 werden,
1242 2509 1319 2536 nach
1339 2509 1481 2544 Analogia
1500 2509 1553 2536 der
1564 2508 1718 2536 onomato-

354 2556 524 2592 poetischen
544 2557 709 2591 Bildungen
730 2556 787 2583 mit
806 2555 1035 2582 Lautvariation.
1061 2555 1098 2583 So
1117 2555 1258 2583 bedeutet
1277 2556 1327 2583 fiir
1346 2555 1403 2583 den
1423 2555 1555 2591 Daiaken
1574 2555 1720 2590 aila-yila

353 2603 422 2634 (mit
441 2603 712 2630 ausschliesziicher
732 2603 889 2636 Betonung
908 2602 960 2628 des
979 2602 1100 2629 zweiten
1120 2602 1249 2635 Wortes)
1269 2602 1317 2629 ein
1337 2602 1434 2637 wenig
1448 2602 1560 2637 danim,
1573 2602 1720 2637 gila-qila

353 2649 422 2683 (mit
441 2650 591 2684 doppelter
610 2649 780 2684 Betonung)
799 2649 869 2676 sehr
888 2648 1000 2675 dumm.
