1932 3121
227 1480 233 1483 ⁶
280 1472 357 1506 673.

227 1642 230 1645 '
280 1630 357 1669 676.

941 282 985 316 29

690 388 873 421 Aulularia
899 387 963 420 713
988 387 1096 430 (tene
1112 386 1228 429 bench

442 462 523 490 Idem
549 470 638 491 senex
662 471 777 498 avarus,
802 471 950 499 quaerens
971 463 1103 499 aliquem

406 517 497 544 quem
523 509 678 544 pecuniam
703 510 906 551 absconditam
928 510 1106 545 surripuisse

406 557 503 591 putat,
537 563 638 583 secum
672 556 806 592 loquitur
837 557 883 584 ira
909 557 946 583 ad
974 556 1105 584 furorem

408 602 556 638 vergente.

281 667 357 701 713.
408 668 511 710 Perii,
538 669 667 711 interii,
693 670 814 703 occidi.
841 669 920 708 Qu6
943 669 1115 703 curram?
1139 670 1219 708 Quo
1242 670 1315 702 n6n
1338 667 1503 702 curram?

507 771 511 775 ι
1045 724 1165 771 Tene,
1194 725 1277 758 teme
1287 723 1329 766 1).
1357 722 1499 762 Quem?
1524 721 1642 760 Quis?

282 777 357 810 714.
407 778 542 819 Nescio,
578 778 666 810 nihil
697 778 809 820 video,
842 788 968 812 caecus
998 789 1039 812 eo
1067 781 1175 821 atque
1197 778 1361 820 equidem
1384 787 1457 819 quo
1478 786 1557 810 eam
1581 778 1643 809 aut

1224 832 1287 865 ubi
1310 833 1379 866 sim
1402 833 1465 864 aut
1488 830 1551 872 qui
1575 830 1643 862 sim
1707 836 1713 840 ·

281 885 358 918 715.
408 886 551 927 Nequeo
574 896 654 920 cum
679 886 797 919 animo
820 888 954 919 eertum
978 888 1209 929 investigare:
1234 887 1382 920 obsecro
1406 894 1471 918 vos
1490 893 1567 926 ego,
1594 885 1642 916 mi

1495 938 1628 971 auxilio

281 993 357 1026 716.
408 993 480 1027 Oro
495 994 663 1037 obtestor,
684 995 761 1028 sitis
776 1001 810 1028 et
826 995 1001 1029 hominem
1019 982 1268 1029 demonstretis
1284 995 1366 1037 quis
1381 1004 1459 1028 eam
1476 994 1527 1037 (sc.
1541 963 1639 1035 ouam5

1440 1048 1639 1081 abstulerit.

281 1164 482 1198 Laetitiae:
1137 1209 1139 1212 Ι

679 1240 861 1273 Aulularia
884 1240 948 1273 677
974 1244 1082 1283 (euye
1104 1240 1232 1283 euqe):

445 1314 554 1341 Servus
578 1314 709 1349 quidam,
728 1315 780 1349 qui
804 1322 905 1342 senem
929 1322 1050 1345 avarum
1068 1315 1104 1342 de

408 1361 533 1395 pecunia
568 1360 774 1388 abseondenda
801 1361 977 1396 *loquentem
1012 1361 1104 1395 audit,

407 1415 509 1435 secum
529 1407 670 1443 loquitur.

410 1472 557 1506 SENEX.
582 1473 686 1506 Nunc
708 1474 775 1506 hoo
798 1473 860 1506 ubi
883 1474 1228 1516 abstrudam-cogito
1251 1474 1366 1506 solum
1390 1475 1519 1508 locum.

281 1527 359 1561 674.
409 1527 547 1561 Silvani
568 1527 672 1561 lucus
694 1530 794 1561 extra
818 1530 997 1561 murumst
1019 1528 1133 1570 avius,

280 1581 357 1615 675.
409 1582 542 1615 Crebro
565 1582 688 1627 salicto
710 1583 890 1635 oppletus:
914 1583 963 1615 ibi
986 1592 1125 1615 sumam
1148 1583 1276 1616 locum.

409 1636 599 1678 Certumst,
629 1636 775 1670 Silvano
798 1637 916 1679 potius
939 1638 1079 1670 credam
1103 1646 1211 1678 quam
1235 1637 1330 1669 Fide.
1357 1655 1401 1659 —

257 1726 260 1731 Α
280 1690 359 1723 677.
410 1690 579 1724 SERVUS.
606 1689 716 1733 Euye
738 1700 841 1733 euye,
868 1691 904 1724 di
927 1700 983 1723 me
1005 1691 1141 1723 salvom
1163 1692 1198 1723 et
1221 1691 1402 1723 servatum
1428 1691 1563 1723 volunt.

281 1743 359 1777 678.
408 1745 485 1780 Iam
501 1754 567 1786 ego
582 1744 666 1777 illue
681 1754 911 1786 praecurram
922 1746 1029 1786 atque
1039 1744 1245 1777 inscendam
1257 1744 1413 1785 aliquam
1424 1744 1462 1776 in
1475 1744 1639 1777 arborem

280 1797 358 1831 679.
407 1799 567 1840 Indeque
589 1798 789 1832 observabo
811 1808 939 1832 aurum
963 1798 1025 1831 ubi
1048 1798 1234 1831 abstrudat
1257 1807 1377 1831 senex,

602 1927 768 1960 Curculio
792 1927 855 1961 166
881 1925 1081 1968 (Palinure
1104 1924 1321 1968 Palinure):

445 2001 625 2029 Adulescens
641 2010 710 2029 cum
717 1973 803 2042 *servo
814 2001 951 2029 Palinuro
962 2000 1103 2036 loquitur,

409 2049 503 2077 amica
521 2057 575 2077 sua
594 2050 732 2085 glorians.

234 2128 246 2143 x
283 2114 359 2148 162.
407 2116 547 2149 ΑΜῙΟΑ.
573 2116 641 2149 Ubi
664 2118 703 2149 tu
730 2115 771 2158 ’s‚
798 2116 860 2157 qui
884 2125 939 2148 me
957 2114 1156 2166 convadatu
1175 2113 1206 2146 's
1225 2114 1385 2147 Veneriis
1401 2115 1641 2149 vadimoniis?

282 2169 358 2203 163.
411 2169 506 2203 Sisto
528 2180 594 2213 ego
616 2171 680 2203 tibi
704 2180 760 2204 me
781 2173 815 2203 et
839 2169 949 2213 †mihi
972 2170 1094 2203 eontra
1116 2168 1237 2201 itidem
1260 2170 1300 2201 ut
1324 2169 1432 2202 sistas
1456 2170 1603 2203 suadeo.

283 2223 359 2256 164.
407 2224 526 2257 Λυσι..
554 2225 701 2257 Assum:
726 2234 809 2257 nam
833 2225 864 2257 si
887 2224 1012 2265 absim,
1038 2223 1135 2256 haud
1159 2232 1320 2256 recusem
1343 2224 1432 2265 quin
1449 2224 1537 2257 mihi
1554 2225 1643 2257 male

1333 2278 1390 2320 sit,
1417 2278 1487 2312 mel
1509 2287 1639 2311 meum.

283 2332 358 2366 165.
407 2333 546 2366 AMIGA.
572 2333 697 2366 Anime
720 2334 779 2375 mi,
806 2332 953 2376 †proeul
976 2333 1153 2365 amantem
1176 2332 1303 2365 abesse
1325 2333 1424 2366 haud

1314 2386 1639 2420 eonsentaneumst.

282 2440 358 2474 166.
408 2441 527 2474 ADUL.
555 2440 758 2483 Pcssinure,
786 2439 971 2474 Palinure
982 2439 1024 2482 1).
1051 2440 1140 2473 PAL.
1167 2441 1355 2483 Eloquere,
1375 2442 1461 2483 quid
1477 2443 1532 2475 est
1547 2442 1643 2483 quod

1273 2496 1485 2528 Palinurum
1509 2495 1641 2529 voees?

284 2548 358 2582 167.
407 2549 526 2583 ADUL.
547 2550 612 2583 Est
627 2550 753 2592 lepida.
774 2550 861 2582 PAL.
882 2549 994 2582 Nimis
1009 2549 1137 2591 lepida.
1156 2550 1275 2584 ADUL.
1298 2550 1386 2584 Sum
1399 2551 1489 2584 deus
1502 2575 1640 2584 ......

675 2640 693 2663 z
711 2641 714 2643 .

317 2668 343 2703 1)
381 2672 505 2697 accentu
524 2672 639 2698 mutato
659 2673 690 2697 et
707 2669 884 2705 quantitate.
