1932 3121
940 284 984 317 87

280 390 319 423 in
355 389 475 423 insufla
513 389 654 422 Borneo
691 389 890 430 loquuntur
920 387 1065 420 minime
1092 387 1228 429 peritus
1259 397 1351 428 sum,
1388 388 1452 419 hos
1482 387 1644 419 homines

218 461 224 468 «
282 444 314 476 si
336 452 508 489 magnum
530 442 684 485 gradum
703 441 922 484 stupiditatis
936 440 1094 475 indieare
1109 441 1229 483 velint,
1249 442 1358 474 semel
1373 442 1644 483 pronuntiatum

280 497 380 543 fila⁸
391 506 474 531 oum
495 488 657 540 emphasi
679 496 878 540 exprimere
898 497 933 530 et
952 495 1072 530 addita
1087 496 1325 539 geminatione
1340 496 1407 530 hoc
1422 504 1640 537 asseverare,

281 553 318 584 at
333 552 366 584 si
377 545 612 586 'indicandum
626 552 681 584 est
696 551 875 584 hominem
891 560 962 583 non
980 551 1132 584 multum
1143 550 1181 583 in
1194 550 1401 592 stupiditate
1411 559 1643 592 progressum

280 614 372 647 eese,
403 605 440 638 id
470 605 588 639 faeere
617 604 890 647 pronuntiantes
917 602 1011 638 idem
1039 604 1252 638 vocabulum
1274 603 1370 648 yila,
1397 603 1535 637 variata
1560 612 1645 636 voee

280 660 316 692 et
339 659 417 692 sine
437 659 510 692 ulla
532 659 705 701 emphasi,
731 658 828 700 quod
850 658 1087 701 geminatione
1109 667 1317 691 asseverare
1339 658 1479 700 possint
1488 656 1532 699 1).

327 712 475 747 Probari
507 713 567 746 vix
596 722 689 755 opus
719 714 773 747 est
795 712 832 746 in
855 712 1022 746 omnibus
1044 713 1178 755 linguis
1201 712 1337 746 variata
1362 721 1448 746 vooe
1471 711 1643 745 voeabula

281 767 457 809 permulta
481 767 600 800 varias
623 767 902 810 significationes
925 768 1105 809 consequi,
1131 768 1180 801 ita
1203 770 1243 800 ut
1267 766 1472 809 simpliciter
1494 766 1540 799 de
1558 775 1642 798 vera

281 820 552 863 significatione:
575 821 764 855 verborum
799 821 896 863 loqui
927 821 986 854 vix
1016 822 1117 855 liceat
1127 821 1170 863 2).
1209 821 1328 854 Huius
1359 820 1410 853 rei
1440 819 1640 861 exemplum

280 874 351 908 iam
382 875 546 909 dedimus
576 876 612 908 in
637 880 724 909 voce
747 876 887 919 Belgica
910 886 964 918 zo,
991 876 1054 909 sed
1077 871 1182 909 etiam
1207 876 1372 911 Latinum
1395 874 1464 917 sic,
1490 875 1587 917 quod
1610 874 1642 907 ei

281 929 387 971 plane
409 930 609 972 respondet,
636 931 783 963 eandem
808 931 1038 964 variationem
1061 931 1217 972 praebet.

329 983 388 1016 Sic
411 984 539 1017 Heaut.
563 984 651 1017 Tim.
674 984 734 1017 161
753 994 832 1026 sqq.
850 985 1018 1026 legimus:
1040 985 1127 1027 (duo
1145 994 1248 1017 senes
1264 985 1356 1017 inter
1371 994 1411 1017 se
1425 981 1639 1024 loquuntur)

328 1037 402 1070 161.
763 1038 908 1072 SENEX.
935 1039 1038 1071 Nune
1062 1039 1092 1071 si
1115 1039 1374 1071 commodumst

328 1091 403 1125 162.
453 1091 637 1135 (Dionysia
661 1092 717 1126 hio
740 1094 825 1125 sunt
848 1091 979 1134 hodie),
1006 1092 1101 1134 apud
1125 1102 1182 1125 me
1204 1092 1254 1125 sis
1280 1092 1369 1125 volo.

329 1145 402 1178 163.
454 1145 545 1178 SRN.
563 1153 701 1178 ALTER.
725 1147 802 1179 Non
819 1155 990 1188 possum..
1005 1146 1095 1178 SEN.
1117 1153 1248 1179 PRIOR.
1268 1146 1367 1184 Quor
1383 1144 1482 1178 non?
1499 1145 1640 1183 Quaeso

320 1201 322 1203 ’
1212 1200 1355 1233 tandem
1378 1198 1639 1242 aliquantulum

327 1253 402 1287 164.
451 1254 529 1287 Tibi
552 1264 672 1296 parce:
696 1255 788 1288 idem
812 1255 943 1288 absens
966 1256 1082 1288 faeere
1104 1258 1138 1288 te
1160 1256 1226 1288 hoe
1250 1256 1322 1288 volt
1345 1253 1454 1287 filius.

328 1307 402 1341 165.
453 1307 545 1341 SRN.
578 1315 718 1341 ALTER.
756 1309 834 1341 Non
865 1310 1039 1350 convenit,
1073 1309 1135 1350 qui
1165 1309 1263 1341 ilium
1295 1309 1340 1342 ad
1369 1308 1526 1342 laborem
1557 1308 1640 1341 hino

416 1365 422 1372 '
1428 1362 1636 1405 pepulerim,

328 1415 402 1448 166.
451 1416 555 1448 Nunc
585 1425 642 1448 me
663 1417 782 1457 ipsum
802 1417 939 1458 ingere.
977 1417 1068 1449 Sim.
1096 1424 1227 1449 PRIOR.
1263 1416 1413 1449 Sieinest
1436 1415 1637 1448 sententia?

329 1468 404 1502 167.
455 1468 547 1502 San.
572 1476 712 1503 ALTER.
740 1468 815 1504 Sic.
843 1470 935 1504 Sim.
962 1477 1094 1504 PRIOR.
1123 1471 1219 1503 Bene
1242 1471 1330 1503 vale.

1167 1525 1259 1557 SRN.
1284 1532 1423 1557 ALTER.
1450 1525 1496 1556 Et
1518 1526 1568 1556 tu.
1602 1542 1638 1546 —

327 1577 435 1610 Haut.
462 1577 551 1609 Tim.
578 1577 661 1610 242:
688 1577 857 1611 SRRvus.
882 1573 947 1611 Ain
973 1578 1041 1611 tu?
1066 1578 1311 1612 consnthJs.
1340 1577 1404 1612 Sic
1424 1580 1489 1611 est.

370 1627 509 1664 Ibidem
574 1631 639 1665 429
664 1641 743 1674 sqq.
772 1631 900 1674 (Senes
922 1633 995 1665 duo
1012 1633 1109 1666 -inter
1132 1643 1171 1666 se
1192 1632 1422 1675 loquuntur):

325 1685 402 1719 429.
452 1686 589 1719 PRIOR.
624 1686 891 1727 Numquidnam
920 1688 966 1719 de
995 1697 1073 1719 meo
1104 1690 1212 1729 gnato
1235 1687 1413 1728 audivisti,
1441 1685 1637 1720 Chremes?

325 1739 402 1772 430.
451 1740 593 1772 ALTER.
633 1739 732 1772 Valet
762 1742 869 1782 atque
899 1740 997 1773 vivit.
1036 1741 1175 1774 PRIOR.
1212 1741 1363 1774 Ubinam
1393 1742 1448 1774 est
1477 1739 1637 1782 quaeso?

1155 1796 1297 1828 ALTER.
1326 1796 1428 1837 Apud
1452 1804 1507 1827 me
1529 1794 1635 1827 domi.

327 1848 402 1881 431.
452 1848 589 1880 PRIOR.
618 1849 719 1881 Meus
742 1848 902 1891 gnatus?
925 1850 1069 1881 ALTER.
1096 1848 1161 1883 Sic
1182 1852 1245 1882 est.
1274 1850 1412 1882 PRIOR.
1439 1847 1567 1881 Venit?

1147 1903 1288 1936 ALTER.
1317 1903 1419 1936 Certe
1443 1927 1635 1935 ......

326 1956 419 1988 Eun.
448 1956 512 1989 718
536 1966 595 1997 sq:
619 1957 803 1989 ANOILLA.
831 1957 1075 1990 Parmenionis
1092 1959 1164 1989 tam
1181 1957 1253 1990 seio
1269 1966 1348 1989 esse
1359 1957 1451 1989 hane
1462 1956 1638 1989 techinam

1294 2020 1403 2051 quam
1425 2020 1482 2042 me
1506 2010 1635 2042 vivere.

445 2053 520 2088 719.
549 2053 708 2088 nonus.
735 2053 801 2089 Sic
821 2056 887 2089 est.
1381 2047 1393 2067 ⁸

325 2108 471 2150 Adelph.
499 2108 563 2142 654
588 2118 641 2150 sq.
802 2110 920 2143 ADUL.
948 2110 1052 2155 Hem,
1079 2109 1252 2151 virginem
1277 2111 1316 2141 ut
1339 2090 1459 2142 secum
1483 2108 1639 2142 avebat?

495 2162 571 2195 655.
606 2163 752 2196 SENEX.
789 2163 848 2197 Sic
879 2165 942 2196 est.
977 2165 1094 2196 ADUL.
1130 2164 1286 2196 Miletum
1319 2173 1434 2205 usque
1462 2163 1639 2197 obsecro?

1243 2217 1333 2250 Sim.
1363 2217 1417 2250 Ita
1443 2242 1637 2250 ......

317 2295 342 2328 1)
379 2296 490 2324 Senum
518 2299 549 2324 et
571 2300 725 2324 accentum
746 2297 805 2324 huc
823 2297 912 2324 etiam
932 2297 1070 2324 secedere
1087 2297 1297 2324 animadvertit
1313 2305 1434 2333 quoque
1452 2296 1483 2325 G.
1504 2297 1642 2325 Broekel-

280 2351 381 2378 mann,
399 2342 559 2371 Grundriss
578 2344 630 2371 der
649 2343 746 2379 Vergl.
766 2343 897 2372 Gramm.
917 2344 968 2371 der
987 2343 1181 2372 Semitisohen
1201 2343 1360 2379 Sprachen,
1379 2343 1463 2379 19¹3,
1484 2344 1510 2372 11
1530 2343 1641 2379 §miz

280 2389 404 2425 „Solehe
423 2389 514 2417 Paare
533 2390 653 2418 konnen
671 2390 742 2418 aber
761 2390 838 2418 auch
853 2391 884 2426 je
903 2390 977 2418 nach
998 2390 1064 2417 dem
1084 2390 1344 2427 Zusammenhang
1362 2391 1423 2419 und
1440 2391 1471 2427 je
1484 2391 1560 2419 nach
1574 2391 1641 2419 dem

278 2435 405 2471 Tonsau,
433 2436 489 2464 mit
517 2436 585 2466 dem
614 2437 656 2465 sie
684 2437 919 2473 ausgesprochen
948 2437 1076 2472 werden,
1103 2437 1322 2465 veraehtlichen
1351 2437 1425 2466 Sinn
1456 2437 1562 2473 haben,
1590 2439 1643 2466 wie

279 2483 359 2510 arab.
379 2483 458 2510 Ιιᾱᾶᾱ
477 2483 615 2511 'l-'amru
635 2484 730 2519 baina
749 2481 849 2519 bairai.
863 2484 960 2511 »diese
979 2483 1072 2511 Sache
1091 2484 1131 2511 ist
1149 2493 1181 2511 so
1200 2492 1259 2512 so«.

316 2531 342 2562 2)
380 2529 431 2557 vir
458 2527 563 2558 'doctus
589 2530 721 2565 Bradley
749 2531 782 2558 in
809 2530 884 2558 libro
915 2529 975 2557 The
1002 2530 1130 2565 makiny
1158 2531 1195 2564 ot*
1218 2530 1348 2566 English
1377 2531 1518 2559 vocabulo
1547 2532 1644 2559 utitur

279 2573 449 2604 ‘emotionsl
473 2577 688 2611 connotation'3
714 2577 749 2604 K.
770 2576 801 2604 0.
820 2576 982 2604 Erdmann
1006 2577 1036 2604 in
1062 2577 1137 2604 libro
1162 2577 1221 2605 Die
1245 2577 1423 2613 Bedeutnmy
1443 2578 1495 2606 des
1519 2578 1642 2613 Wortes,

279 2621 397 2658 Leipzig
420 2621 495 2650 1903
519 2622 776 2658 ‘Gesfihlswerth';
802 2623 838 2656 de
863 2623 960 2658 Vooys
977 2623 1008 2650 in
1033 2623 1073 2650 De
1092 2623 1371 2666 Nieuwet'l'aalgids
1391 2625 1402 2651 1
1422 2623 1522 2658 (1907)
1541 2624 1643 2660 p.v158

279 2667 325 2696 ‘de
343 2668 594 2704 ‘gevoelswaarde'
615 2678 669 2697 van
689 2670 742 2698 het
761 2669 875 2697 woord’.
