1932 3121
324 347 403 381 232.

987 245 1032 279 40

453 348 503 380 De
525 348 642 381 forma
666 349 771 382 novi:
796 349 841 382 de
863 349 980 382 colore
1003 358 1075 382 non
1099 359 1192 391 queo

325 402 417 436 2335·
452 402 614 436 Novisse.
641 401 812 437 Iamiam
837 403 937 437 novi:
962 403 1076 437 lenost
1101 403 1306 447 Cappadox.

325 457 402 490 234.

325 652 402 686 274.

325 707 402 740 275.

325 816 402 849 276.

326 869 404 903 277.

326 923 404 957 278.

326 1190 403 1224 566.

326 1289 389 1322 581
396 1314 404 1322 .

326 1397 404 1431 582.

326 1506 402 1539 583.

326 1561 403 1594 584.

328 1779 404 1813 178.

329 1878 402 1911 180.

328 1987 404 2020 181.

326 2439 402 2473 505.

325 2494 402 2528 506.

325 2548 402 2581 507.

452 457 683 499 congrediar.

737 533 903 567 Curculio
925 533 992 567 276
1017 532 1091 576 (esci
1113 533 1171 567 exi
1194 533 1285 576 εει-ὓς

453 596 561 624 Servus
581 605 690 632 magna
710 606 778 625 voce
798 598 939 633 loquitur.

454 652 576 687 Smw.
602 654 673 687 Pro
695 654 732 687 di
755 655 984 696 immortales,
1011 658 1118 697 quem
1140 655 1349 698 conspicio?
1374 656 1463 695 Quis
1485 655 1556 689 illic
1577 654 1660 688 est?

452 707 565 741 Estne
595 709 652 742 hic
683 709 875 751 parasitus,
908 710 970 751 qui
1002 710 1150 743 missust
1172 710 1210 743 in
1235 710 1406 745 Cariam?
1439 710 1531 754 (Uvae
1551 718 1696 747 ,wamiam

680 757 755 796 valde
770 775 891 801 optatam
907 774 942 796 ad
958 773 1156 800 Phaedromum
1174 774 1369 806 adulescentem
1384 775 1453 797 servi
1468 780 1546 797 erum
1562 763 1695 806 affert-et.)

453 817 554 850 Heus
579 818 809 860 Phaedrome,
837 817 905 859 exi,
933 817 1000 860 exi,
1027 817 1085 852 exi
1107 819 1254 860 inquam
1278 819 1390 852 ocius.
1437 816 1442 822 '

451 871 573 904 ADUL.
599 871 693 910 Quid
716 871 795 905 istic
818 873 1007 905 clamorem
1032 872 1155 906 tollis?
1184 872 1304 906 SERV.
1332 873 1533 907 Parasitum
1557 876 1656 905 tuom

453 925 561 959 Video
585 928 798 969 currentem,
826 927 932 960 ellum
957 937 1073 969 usque
1095 927 1132 960 in
1157 927 1271 969 platea
1295 927 1431 961 ultima.

791 1025 958 1058 Curculio
982 1025 1047 1058 583
1073 1024 1205 1067 (attat)
1216 1035 1224 1058 :

492 1088 603 1116 Lenoni
636 1089 722 1116 miles
747 1090 800 1124 qui
827 1089 982 1124 repentino
1007 1089 1100 1117 sentit
1125 1097 1156 1117 se

452 1143 471 1162 a.
489 1135 668 1164 Curculione
687 1145 770 1164 servo
789 1145 853 1164 esse
871 1137 1118 1164 circumductum.

453 1192 575 1232 Lamo,
594 1191 699 1230 Quod
716 1192 768 1224 fui
784 1193 937 1234 iuratus,
956 1192 1035 1225 feci.
1054 1183 1192 1224 Mans.
1214 1192 1352 1225 Reddin
1365 1201 1485 1225 annon
1498 1190 1697 1233 virginem?

454 1260 680 1332 Lanosssgp
703 1261 799 1323 illam
824 1261 960 1323 redd-idi
984 1260 1046 1331 qui
1070 1260 1304 1332 argentum-a
1328 1292 1363 1323 te
1386 1260 1513 1323 attulit.

1148 1346 1287 1378 MILES.
1315 1345 1404 1383 Quis
1428 1346 1460 1377 is
1483 1346 1536 1377 est
1559 1342 1696 1376 homo?

454 1399 575 1431 Lamo.
603 1400 716 1432 Tuom
739 1399 906 1432 libertum
931 1408 1011 1432 esse
1034 1399 1149 1432 aiebat
1173 1408 1253 1432 sese
1278 1398 1526 1432 Summanum.

1381 1454 1518 1486 MILES.
1546 1450 1696 1484 Meum?

453 1506 577 1549 Attat,
606 1508 773 1541 Curculio
797 1508 914 1541 hercle
938 1508 1047 1541 verba
1072 1507 1158 1540 mihi
1182 1508 1289 1550 dedit,
1316 1517 1425 1549 quom
1449 1506 1580 1550 cogito:

454 1562 491 1595 Is
516 1563 602 1595 mihi
625 1563 774 1596 anulum
799 1563 990 1605 subripuit.

691 1661 910 1694 Menaechmi
936 1660 1000 1694 180
1026 1660 1156 1703 (mane
1178 1659 1326 1702 mane):

453 1724 635 1752 Adulescens
654 1725 818 1760 parasitum
837 1725 1011 1760 alloquitur.

452 1780 573 1814 ADUL.
589 1780 730 1814 Placide
747 1781 857 1823 pulta.
880 1781 973 1814 PAR.
994 1770 1122 1814 Metuis
1135 1780 1252 1822 credo,
1268 1789 1313 1813 ne
1325 1779 1420 1812 fores
1433 1779 1575 1812 Lamiae
1587 1779 1693 1812 sient.

452 1879 571 1912 ADUL.
600 1878 716 1913 Mdne
738 1849 853 1913 mone
864 1879 906 1922 l),
937 1880 1085 1913 obsecro
1109 1879 1242 1913 hercle:
1267 1887 1374 1920 eapse
1389 1887 1505 1911 eccam
1521 1877 1608 1911 exit:
1632 1877 1694 1919 oh,

1445 1933 1554 1966 solem
1579 1932 1693 1973 vides,

456 1987 556 2021 Satin
581 1990 620 2021 ut
644 1990 866 2022 occaecatust
889 1998 975 2030 prae
998 1989 1106 2021 huius
1130 1987 1291 2030 corporis
1315 1985 1558 2020 candoribus?

774 2084 988 2116 Mostellaria
1012 2083 1077 2116 506
1103 2082 1154 2125 (st
1176 2082 1245 2124 ⁸0:

491 2148 598 2175 Tranio
617 2156 728 2183 servus,
747 2149 800 2183 qui
813 2149 942 2183 suscepit
955 2156 1058 2176 senem
1071 2156 1155 2175 erum

453 2203 543 2222 suum
553 2195 591 2222 ab
598 2195 720 2223 aedibus
726 2195 947 2230 deterrendum,
954 2195 1018 2223 seni
1025 2186 1157 2223 nai-ravit

454 2243 486 2269 in
495 2242 618 2270 aedibus
626 2243 741 2269 obviam
755 2242 819 2270 fieri
833 2242 1003 2270 hominibus
1014 2243 1155 2269 intranti·

453 2289 510 2316 bus
524 2289 661 2316 umbram
673 2289 793 2316 mortui.
803 2289 880 2316 Tum
890 2288 972 2324 (506)
981 2289 1066 2316 audit
1075 2289 1158 2316 intus

453 2337 621 2372 strepitum,
657 2345 748 2372 quem
781 2345 812 2364 se
841 2336 959 2364 credere
987 2336 1110 2363 simulat
1138 2344 1157 2362 a

453 2386 571 2410 mortuo
590 2391 654 2410 esse
674 2383 824 2411 effectum.

455 2439 574 2473 SERV.
602 2439 703 2478 Quae
726 2438 783 2472 hic
807 2439 967 2472 monstra
991 2438 1096 2480 fiunt,
1124 2446 1220 2471 anno
1245 2436 1304 2469 vix
1328 2445 1475 2479 possum
1498 2436 1628 2478 eloqui.

452 2493 601 2581 ἕξιιὲζκ.
617 2547 712 2586 Quid
724 2547 872 2580 obsecro
884 2547 1001 2580 hercle
1012 2544 1211 2580 factumst?
1231 2544 1351 2578 szv.
1367 2544 1580 2587 Concrepuit
1591 2543 1694 2577 foris.

362 2642 388 2677 1)
425 2646 549 2671 accentu
570 2645 687 2671 mutato
707 2645 737 2669 et
756 2639 933 2677 quantitate.
