1932 3121
338 479 416 511 424.

338 532 415 565 425.

338 587 415 619 426.

337 694 414 727 434.

337 1065 416 1098 455.

337 1120 414 1153 456.

339 1227 416 1260 457.

339 1281 416 1314 458.

339 1335 417 1369 459.

339 1390 419 1423 460.

339 1444 419 1478 461.

339 1498 416 1532 462.

339 1607 416 1640 465.

339 1661 416 1695 466.

340 1943 416 1977 616.

340 1997 418 2031 617.

340 2052 417 2085 618.

341 2106 417 2140 619.

342 2160 419 2194 620.

343 2395 418 2428 720.

343 2505 418 2538 721.

1002 253 1046 286 38

823 357 954 390 Casina
977 357 1042 390 434
1069 356 1222 400 (attam

464 421 572 449 Servus
590 429 690 450 secum
712 421 855 458 loquitur.

468 477 589 511 SERV.
618 478 657 511 Si
680 488 778 511 nunc
801 488 857 511 me
881 478 1111 525 suspendsm',
1138 488 1254 511 meam
1277 489 1423 521 operam
1446 481 1603 513 luserim.

465 532 511 565 Et
534 533 674 574 praeter
696 541 842 575 operum
866 532 989 566 restim
1013 532 1148 574 sumpti
1171 532 1314 566 fecerim

466 587 511 619 Et
535 587 623 619 meis
646 587 799 620 inimicis
823 587 1041 628 voluptatem
1065 584 1281 620 creaverim.-

465 692 590 736 Attat,
618 694 808 728 concedam
833 694 920 728 huc:
944 694 1052 728 audio
1075 694 1205 736 aperiri
1228 695 1337 728 fores.

730 797 860 831 Casina
884 796 951 831 460
976 795 1086 840 (illuc
1108 797 1164 831 est
1186 795 1315 840 illuo):

502 861 611 889 Servus
635 869 736 889 secum
763 862 905 897 loquitur.
931 862 984 897 qui
1011 870 1111 889 senem
1138 865 1170 889 et

466 909 586 937 vilicum
609 909 688 937 senis
707 910 910 945 colloquentes
929 909 1006 937 clam
1025 909 1179 944 observat,

465 956 574 991 cuique
593 956 748 991 repentino
768 956 916 984 succurrit
935 956 999 984 seni
1018 956 1050 983 in
1070 956 1169 984 animo

465 1011 529 1031 esse
548 1003 668 1032 vilicum
689 1003 785 1031 facere
805 1004 967 1039 pathicum.

468 1063 587 1099 SERV.
609 1065 743 1108 (seman).
762 1065 960 1109 †chodere
974 1066 1091 1099 hercle
1106 1066 1164 1099 hic
1181 1065 1264 1108 volt,
1283 1065 1400 1108 credo,
1421 1066 1574 1100 vesicam
1592 1066 1704 1100 vilico.

463 1121 546 1153 VII..
584 1119 688 1162 (senem
711 1119 878 1162 alloquens).
918 1120 1056 1161 Ecquid
1088 1129 1188 1152 amas
1219 1129 1316 1152 nunc
1346 1118 1431 1152 me?
1467 1120 1558 1153 SEN.
1593 1121 1709 1159 Immo

1157 1173 1281 1215 edepol
1304 1183 1361 1207 me
1383 1182 1492 1215 quam
1516 1176 1551 1207 te
1574 1175 1704 1207 minus.

468 1228 610 1261 Licetne
626 1228 790 1270 amplecti
801 1231 836 1261 te
846 1228 863 1261 2
880 1228 998 1262 SERv.
1019 1227 1151 1270 (mum).
1166 1227 1261 1266 Quid
1277 1227 1490 1270 ‘amplecti’i’
1501 1229 1584 1261 Vn..
1600 1229 1706 1262 Licet.

470 1281 561 1314 SEN.
588 1282 645 1324 Ut,
673 1282 756 1323 quia
780 1284 814 1315 te
836 1285 956 1325 tango,
984 1283 1053 1315 mel
1076 1282 1162 1315 mihi
1186 1282 1308 1315 videor
1330 1282 1476 1325 lingere.

466 1336 548 1370 vn..
577 1336 676 1369 Ultro
699 1337 743 1378 te,
770 1338 919 1378 amator,
946 1346 1059 1379 apage
1081 1337 1116 1370 te
1138 1346 1159 1369 a
1182 1336 1291 1370 dorso
1314 1346 1403 1370 meo.
1432 1339 1440 1347 “

471 1390 590 1423 SERV.
620 1389 752 1432 (secum).
779 1389 877 1424 Illzic
900 1392 964 1433 eet,
985 1389 1079 1424 illuc
1088 1390 1130 1433 1),
1149 1391 1246 1432 qu6d
1266 1391 1324 1424 hic
1338 1391 1436 1424 hunc
1451 1392 1532 1424 fecit
1549 1392 1705 1425 vilicum.

468 1445 514 1477 Et
536 1445 628 1477 idem
653 1454 709 1477 me
732 1445 881 1487 pridem,
908 1454 1015 1487 quom
1040 1445 1072 1478 ei
1095 1445 1289 1478 advorsum
1316 1454 1496 1487 veneram,

468 1499 597 1532 Facere
620 1499 810 1532 atriensem
836 1499 997 1532 voluerat
1020 1499 1090 1532 sub
1112 1499 1232 1532 ianua.

467 1607 582 1640 Hodie
604 1608 731 1649 hercle,
760 1608 898 1650 opinor,
925 1607 962 1640 hi
986 1608 1254 1640 conturbabunt
1277 1607 1400 1649 pedes:

469 1661 565 1695 Solet
588 1662 645 1695 hic
668 1662 838 1695 barbatos
862 1671 950 1695 sane
973 1662 1101 1695 sectari
1125 1671 1247 1695 senex.

824 1766 955 1800 Casina
979 1765 1044 1799 619
1070 1765 1204 1809 (attat)
1214 1775 1222 1799 ε

507 1836 602 1864 Senex
630 1844 731 1863 amore
759 1836 884 1864 ancillae
910 1844 982 1863 suae
1001 1836 1172 1871 deperditus

468 1883 588 1910 fortuna
607 1891 666 1910 non
686 1884 816 1919 adiutus,
835 1891 935 1911 secum
956 1883 1097 1918 loquitur.

470 1943 558 1977 SEN.
584 1943 664 1982 Qua
687 1953 754 1986 ego
777 1944 874 1977 hunc
897 1953 1054 1982 amorem
1079 1943 1127 1976 mi
1150 1953 1231 1976 esse
1253 1943 1311 1976 avi
1335 1943 1449 1976 dicam
1474 1943 1598 1976 datum

466 1998 536 2031 Aut
559 1998 646 2040 quid
669 2008 736 2041 ego
759 2008 932 2041 umquam
955 2007 1041 2041 erga
1063 1998 1236 2031 Venerem
1259 1997 1382 2040 inique
1403 1997 1558 2040 fecerim,

468 2052 559 2090 Quoi
582 2053 634 2086 sic
656 2053 790 2086 amanti
814 2053 862 2086 mi
884 2053 1027 2086 obviam
1050 2053 1217 2086 eveniant
1240 2062 1371 2086 morae.

915 2106 1038 2149 Attat,

468 2161 562 2199 Quid
585 2162 669 2195 illuc
691 2162 868 2203 clamoris,
895 2172 1054 2204 opsecro,
1081 2163 1118 2195 in
1143 2163 1302 2195 nostrast
1325 2161 1458 2195 domo?

830 2265 960 2298 Casina
985 2265 1049 2299 723
1075 2264 1208 2308 (attat)
1219 2275 1227 2298 :

471 2334 580 2361 Servus
598 2341 700 2361 senem
721 2334 883 2362 intrantem
903 2335 1023 2362 salutat.

471 2394 590 2428 SERV.
617 2395 715 2437 Vide,
742 2395 812 2437 fur,
840 2397 880 2428 ut
904 2396 1015 2431 sentis
1040 2395 1108 2428 sub
1132 2395 1247 2438 signis
1269 2395 1392 2428 ducas.
1420 2395 1513 2432 COQ.
1540 2393 1611 2433 Qui
1626 2403 1712 2427 vero

1385 2449 1438 2482 ‘hi
1461 2450 1548 2483 sunt
1570 2447 1710 2482 sentis?

471 2504 592 2538 SERV.
630 2505 722 2543 Quia
753 2505 849 2546 quod
881 2505 1038 2548 tetigere,
1073 2505 1153 2538 ilico
1185 2504 1346 2546 rapiunt:
1383 2504 1414 2537 si
1443 2513 1505 2538 eas
1535 2504 1707 2545 ereptum,

1424 2558 1504 2592 ilico
1528 2557 1708 2591 scindunt.

379 2644 405 2679 l)
442 2649 566 2673 accentu
587 2648 710 2673 mutato.
