1932 3121
994 254 1038 286 88

376 356 442 389 His
465 356 634 390 omnibus
657 358 743 390 locis
766 357 822 391 sic
843 357 995 398 simplex
1017 366 1099 390 cum
1123 358 1285 399 emphasi
1308 358 1573 400 pronuntiatur.

375 410 507 444 Contra
530 409 587 444 sic
608 411 864 444 deminativam
887 411 959 444 vim
984 411 1090 444 habet
1113 421 1144 444 e.
1171 421 1226 454 g.:

373 464 508 498 Andria
530 464 614 498 804:
649 465 795 499 SENEX.
829 465 924 538 Quid
957 464 1048 498 vos?
1081 465 1162 504 Quo
1186 469 1289 508 pacto
1313 465 1396 500 hic?
1431 465 1554 499 Satine
1575 466 1698 501 recte?

1187 521 1370 554 Ancum.
1398 520 1547 554 Nosne?
1571 519 1636 555 Sic
1647 519 1695 563 1);
1702 539 1707 544 ·

529 574 607 608 805.
646 574 696 607 ‘ut
725 573 882 616 quimus’
914 575 1028 617 aiunt,
1055 575 1202 617 quando
1229 575 1280 609 ‘ut
1304 574 1482 609 volumus’
1508 585 1579 608 non
1603 576 1695 609 licet.

375 628 518 661 Phorm.
549 629 611 661 144
625 638 703 670 sqq.
722 629 891 662 SERVUS.
907 629 1001 666 Quid
1014 629 1245 672 paedagogus
1258 630 1326 672 ille,
1342 630 1404 672 qui
1417 628 1697 663 citharista-iam?

519 713 522 715 Α
547 683 621 716 145.
650 682 743 721 Quid
767 683 818 716 rei
841 682 960 726 gerit?
988 682 1109 717 SERV.
1134 691 1276 718 ALTER.
1303 683 1376 726 Sic,
1403 683 1567 717 tenuiter.

1004 738 1123 771 SERv.
1151 746 1286 772 Pmon.
1312 739 1391 772 Non
1415 739 1566 771 multum
1591 738 1698 772 habet

547 792 622 825 146.
649 792 751 830 Quod
775 792 834 825 det
857 791 1038 825 fortasse?
1069 792 1188 826 SERv.
1215 800 1354 826 ALTER.
1382 792 1476 826 Nihil
1498 792 1605 826 habet
1627 793 1697 826 nisi

1422 857 1522 890 spem
1545 856 1692 880 meram.

374 899 504 932 Heaut.
521 900 608 932 Tim.
629 901 694 934 457
719 910 817 942 sqq..
845 900 978 943 (Senex
1003 901 1047 934 de
1070 901 1275 943 sumptibus
1297 902 1362 934 filii
1385 902 1442 935 sui
1465 900 1635 943 querens)

626 955 703 988 457.
730 955 819 988 Nam
844 957 884 987 ut
906 955 975 988 alia
998 955 1170 997 omittam,
1197 956 1407 998 pytissando
1430 956 1535 989 modo
1558 955 1645 988 mihi

625 1009 702 1042 458.
729 1009 824 1048 Quid
838 1010 911 1042 vini
926 1009 1128 1051 absumpsit
1145 1008 1244 1050 ‘sic²)
1259 1009 1337 1043 hoc’
1351 1010 1510 1051 dicens;‘
1512 1019 1692 1053 asperum,

626 1063 701 1096 459.
731 1064 846 1105 Pater,
874 1064 940 1096 hoc
963 1065 1034 1096 est:
1058 1064 1157 1096 aliud
1179 1063 1295 1096 lenius
1319 1064 1424 1096 sodes
1449 1062 1559 1097 videl'

428 1116 558 1149 ibidem
627 1117 689 1150 521
716 1127 794 1159 sqq.
1151 1117 1319 1150 SERvus.
1348 1117 1474 1151 Mulier
1497 1118 1692 1160 commoda,
1757 1137 1760 1139 —

624 1172 701 1204 522.
729 1173 855 1205 Faceta
871 1172 958 1205 haec
975 1173 1153 1204 meretrix.
1175 1172 1321 1204 SENEX.
1344 1171 1439 1204 Sane
1449 1172 1570 1205 itidem
1582 1172 1696 1205 visast

1594 1225 1691 1258 mihi.

625 1280 701 1313 523.
731 1281 849 1313 SERv.
878 1281 924 1313 Et
947 1281 1101 1323 quidem,
1128 1290 1197 1322 ere,
1224 1281 1338 1313 forma
1362 1281 1551 1314 luculenta.

1326 1335 1417 1368 SEN.
1445 1333 1510 1368 Sic
1519 1333 1562 1377 3),
1590 1334 1689 1367 satis.

372 1388 465 1421 Illud
504 1388 570 1424 ‘sic
601 1389 701 1422 satis'
737 1390 880 1431 saepius
911 1390 948 1422 in
981 1390 1155 1431 colloquio
1185 1389 1374 1422 adhibetur
1405 1389 1451 1422 ad
1483 1388 1694 1421 mediocrem

327 1451 516 1475 assensum
547 1443 780 1476 indicandum
811 1446 855 1477 cf.
895 1444 1033 1477 ‘Scisne
1061 1444 1221 1486 linguam
1247 1443 1409 1476 Latinam
1420 1442 1451 1476 2·
1481 1442 1554 1476 ‘Sic
1577 1441 1690 1476 satis'.

372 1498 462 1530 Item
471 1500 610 1539 praeter
620 1498 885 1531 adhortativum
896 1508 978 1541 aye,
990 1498 1086 1531 aliud
1097 1490 1169 1541 aye
1176 1499 1374 1539 usurpatur
1383 1497 1479 1539 quod
1488 1496 1693 1539 patientiam

327 1554 361 1584 et
391 1552 602 1584 mediocrem
633 1562 823 1585 assensum
854 1553 1002 1592 indicat;
1036 1553 1080 1585 cf.
1116 1554 1189 1594 Age
1219 1552 1269 1584 sis
1299 1552 1408 1584 latine
1434 1551 1689 1591 colloquamur.

328 1606 593 1646 Respondetur:
619 1606 702 1648 Aye
725 1616 824 1639 sane.

373 1660 573 1701 Utrumque
608 1669 680 1703 aye
713 1664 747 1693 et
779 1661 929 1702 simplex
959 1662 993 1693 et
1025 1661 1243 1702 geminatum
1273 1660 1413 1701 legitur,
1448 1659 1534 1691 illud
1565 1658 1692 1691 adhor—

327 1714 479 1746 tativum
502 1724 532 1746 e.
560 1724 595 1755 g.
1744 1708 1747 1710 ’

371 1768 440 1800 Ter
463 1767 575 1801 Andr.
601 1767 678 1802 866.
708 1768 854 1801 8ΕΝΕΧ.
882 1767 964 1812 Aye
979 1768 1163 1801 nunciam:
1180 1777 1246 1810 ego
1262 1768 1319 1810 pol
1336 1767 1449 1808 hodie,
1469 1767 1499 1799 si
1517 1766 1609 1808 vivo,
1629 1765 1692 1798 tibi

600 1822 677 1855 867.
705 1822 911 1864 Ostendam,
938 1822 1024 1863 quid
1047 1832 1148 1855 erum
1173 1822 1218 1854 sit
1241 1822 1362 1863 pericli
1385 1821 1517 1863 fallere,

371 1876 486 1908 Plaut.
515 1876 596 1909 Cas.
624 1876 782 1917 412l413.
811 1875 903 1918 Aye,
930 1886 1032 1917 uxor,
1060 1876 1228 1908 nunciam
1252 1876 1265 1918 Η
1292 1875 1398 1908 Sorti.

371 1929 484 1962 Plaut.
523 1929 622 1962 Pers.
662 1929 737 1962 606.
786 1929 868 1973 Aye
901 1939 973 1973 aye
1007 1939 1103 1963 nunc
1137 1932 1193 1963 tu:
1229 1930 1273 1962 in
1301 1930 1474 1970 proelium
1501 1927 1504 1972 Ι
1532 1929 1617 1962 Vide
1652 1930 1692 1961 ut

1269 1984 1471 2033 ingrediare
1493 1983 1687 2025 auspicato.

457 2038 542 2071 ibid.
662 2038 738 2071 766.
765 2037 847 2081 Aye
870 2047 941 2082 aye
964 2048 1036 2082 aye
1057 2048 1153 2081 ergo.
1173 2037 1186 2081 ΙΙ
1203 2025 1268 2080 Tu,
1296 2038 1504 2081 Sagaristio,
1522 2036 1692 2071 accumbe

1472 2093 1509 2125 iu
1534 2101 1686 2126 summo.

371 2148 430 2181 Sic
461 2149 576 2181 Plaut.
612 2148 712 2180 Asin.
747 2147 789 2180 39
821 2148 969 2189 simplex
997 2150 1031 2180 et
1062 2147 1282 2189 geminatum
1313 2156 1385 2190 aye
1407 2157 1480 2180 una
1503 2147 1689 2189 leguntur:

371 2202 540 2236 SERvus.
569 2202 653 2245 Aye
668 2210 750 2244 aye,
766 2211 883 2243 usque
897 2211 1033 2235 excrea.
1053 2200 1066 2245 u
1086 2201 1231 2235 Sunnx.
1259 2200 1451 2234 Etiamne?
1474 2201 1594 2235 SuRv.
1617 2200 1691 2243 Age

857 2266 990 2297 quaeso
1014 2256 1130 2289 hercle
1152 2265 1268 2298 usque
1291 2265 1335 2288 ex
1358 2255 1487 2297 penitis
1510 2255 1687 2288 faucibus.

359 2510 385 2544 1)
424 2510 477 2538 Hic
503 2510 635 2538 Donatus
662 2519 719 2537 non
747 2509 864 2544 illepide
889 2510 1113 2537 animadvertit:
1139 2506 1172 2536 τὸ
1192 2509 1250 2536 ‘sic'
1271 2510 1385 2536 nudum
1405 2511 1460 2536 est.
1479 2508 1516 2536 Et
1534 2511 1579 2536 est
1597 2508 1690 2543 signi-

323 2558 420 2585 ficatio
440 2558 590 2592 languoris
608 2557 763 2585 cuiusdam
784 2560 815 2584 et
834 2557 1030 2583 lentitudinis.

358 2603 384 2638 2)
423 2604 476 2631 Hic
494 2607 574 2632 recte
593 2603 705 2631 Herbst
724 2604 827 2631 vertit:
847 2611 879 2630 so
898 2611 938 2630 so.

358 2651 385 2685 3)
423 2654 502 2679 recte
521 2651 613 2678 idem:
634 2651 686 2679 das
706 2652 778 2686 geht
799 2650 884 2677 wohl.
