1932 3121
922 269 963 303 79

261 386 319 410 res
332 400 443 410 .....
459 375 675 409 contudisse.
711 375 808 408 Duas
838 383 967 408 causas
997 374 1111 407 fuisse
1137 373 1298 415 dixerim,
1330 382 1395 406 cur
1417 373 1466 406 ita
1489 373 1621 415 fecerit,

260 431 415 473 priorem
453 429 550 471 quod
589 438 724 470 paucas
762 428 1018 471 geminationes
1058 428 1096 461 in
1134 427 1236 461 libris
1274 427 1459 460 latinitatis
1495 436 1627 460 aureae

245 483 447 517 inveniens
477 482 546 516 sibi
576 482 1097 525 persuaseritgeminationem
1129 482 1286 525 (praeter
1308 481 1491 523 antiquam
1516 481 1624 524 gemi-

261 537 439 574 nationem
473 535 918 578 plurativam-iterativam)
954 546 1027 569 non
1057 546 1102 569 ex
1130 537 1274 579 ingenio
1304 536 1449 578 ling-uae
1479 535 1627 568 Latinae

261 590 384 631 fuisse,
418 591 490 632 qua
512 590 679 632 opinione
700 590 738 622 in
761 598 918 623 errorem
941 590 1072 623 ductus
1094 592 1255 632 exempla
1278 589 1375 632 apud
1400 589 1565 622 Plautum
1590 590 1625 621 et

262 644 466 678 Terentium
488 644 738 679 consuetudini
761 644 958 677 rhetoricae
976 644 1116 678 cuidam
1135 645 1366 678 ascribendas
1381 654 1462 677 esse
1476 643 1621 686 putarit,

262 698 409 738 alteram
443 692 540 741 quod
572 699 846 742 geminationem
875 699 912 731 in
944 698 1114 732 hodierna
1145 700 1267 742 lingua
1298 699 1421 732 Italica
1452 708 1472 731 e
1501 698 1626 740 lingua

264 752 438 788 Hebraica
462 763 628 788 manasse
651 753 840 796 putaverit.

308 808 493 842 Praeterea
518 809 741 842 Woelfflinus
765 808 925 850 exempla
949 817 1016 841 sua
1039 808 1164 841 dividit
1187 819 1258 841 non
1282 800 1480 842 secu'ndum
1505 807 1627 840 varios

244 862 414 896 aflectus
436 863 557 905 animi,
584 863 647 896 sed
671 862 869 896 secundum
891 862 1086 895 divisiones
1110 863 1300 896 verborum
1324 873 1368 896 ex
1391 872 1430 895 re
1444 862 1558 905 logica
1578 861 1626 894 ab

263 917 448 950 Aristotele
472 910 511 950 'et
534 927 555 950 a
581 916 709 950 Stoicis
731 918 765 949 et
788 926 809 950 a
832 916 1074 959 grammaticis
1097 926 1159 950 eos
1181 917 1402 952 imitantibus
1425 916 1620 956 institutas,

263 980 356 1013 quae
384 972 425 1004 ut
454 973 656 1013 congruant
682 980 765 1004 cum
788 970 907 1004 verbis
929 962 1082 1004 aflectus
1105 971 1214 1004 animi
1237 971 1522 1013 significantibus
1545 969 1626 1002 fieri

263 1025 408 1058 omnino
438 1035 510 1058 non
541 1027 667 1067 potest,
701 1025 797 1067 quod
829 1025 1022 1058 Wundtius
1053 1025 1248 1058 rectissime
1277 1025 1442 1058 admonet
1455 1024 1495 1067 1),
1527 1023 1624 1065 quod

264 1079 488 1113 Woelfflinus
526 1089 677 1121 prorsus
718 1089 790 1112 non
831 1079 1057 1121 perspexisse
1097 1080 1236 1112 videtur
1254 1078 1296 1121 2).
1342 1079 1419 1112 Hae
1451 1078 1627 1111 divisione

264 1135 407 1166 coactus
441 1134 697 1176 geminationes
732 1133 975 1180 vocativorum
1009 1135 1043 1166 et
1076 1133 1367 1175 imperativorum
1400 1135 1552 1175 separat,
1590 1133 1627 1165 et

264 1187 545 1222 interiectionum
563 1190 683 1231 utpote
698 1188 882 1222 nominum
899 1187 1200 1222 indeclinabilium
1216 1190 1296 1230 post
1311 1197 1434 1221 omnes
1450 1188 1621 1229 nominat,

265 1251 484 1284 quamquam
514 1243 601 1275 haec
632 1242 700 1275 tria
722 1243 759 1275 in
783 1242 902 1275 animo
925 1243 1084 1276 humano
1105 1244 1182 1275 arte
1203 1242 1296 1275 inter
1319 1252 1358 1275 se
1380 1242 1567 1275 cohaerent
1590 1243 1626 1274 et

266 1296 429 1330 nonnulli
461 1296 612 1329 vocativi
642 1298 676 1330 et
698 1296 898 1339 imperativi
920 1296 970 1330 ita
992 1296 1165 1330 attenuati
1188 1298 1285 1338 sunt,
1312 1298 1352 1329 ut
1374 1295 1626 1329 interiectionis

267 1351 338 1383 vim
362 1352 515 1384 assecuti
538 1351 621 1384 sint.
647 1351 725 1384 Hoc
747 1352 825 1393 ipse
848 1351 1070 1384 Woelfflinus
1093 1351 1263 1383 intellexit
1274 1350 1318 1392 3),
1346 1351 1407 1383 sed
1430 1360 1472 1383 ex
1497 1351 1562 1383 hac
1586 1359 1627 1382 re

265 1405 359 1438 effici
386 1407 427 1437 ut
449 1405 642 1437 divisiones
664 1405 848 1438 institutae
870 1414 992 1438 seeum
1014 1406 1218 1447 pugnarent
1241 1414 1312 1437 non
1337 1404 1515 1445 intellexit,
1529 1402 1559 1445 ⁴)
1585 1405 1625 1435 ut

267 1459 410 1501 saepius
443 1468 566 1492 verum
597 1468 640 1491 ex
671 1460 772 1501 parte
801 1461 939 1492 tantum
971 1459 1124 1501 dispexit
1134 1458 1178 1501 5).
1210 1459 1266 1491 Ex
1288 1459 1495 1492 confusione
1516 1458 1627 1500 igitur

266 1513 422 1555 quadam
454 1513 582 1546 mentis
613 1513 823 1546 divisionem
852 1515 966 1546 ortam
994 1522 1074 1546 esse
1095 1513 1224 1555 iudieo,
1251 1522 1343 1554 quae
1365 1512 1525 1545 confusio
1546 1512 1626 1554 ipsa

266 1568 419 1601 fortasse
448 1568 622 1611 originem
652 1568 760 1601 traxit
789 1578 834 1601 ex
863 1568 1029 1610 opinione
1059 1569 1239 1601 communi
1268 1568 1363 1600 illius
1386 1567 1565 1609 temporis,
1591 1569 1628 1600 et

303 1726 329 1759 1)
368 1727 386 1754 l.
406 1728 425 1754 l.
445 1727 465 1761 1,
485 1726 513 1761 1,
533 1735 559 1761 p.
579 1726 635 1753 290
660 1727 704 1754 εἰ.
730 1726 779 1760 (de
804 1726 905 1761 lingua
930 1734 1088 1760 parvorum
1108 1734 1266 1761 puerorum
1286 1726 1406 1762 agens).
1481 1727 1533 1753 das
1553 1726 1627 1753 Vor-

268 1774 365 1808 urteil,
385 1774 453 1801 dasz
472 1774 525 1801 der
543 1773 663 1801 Mensch
684 1781 739 1800 von
759 1773 840 1800 Haus
857 1781 913 1800 aus
930 1773 986 1800 ein·
999 1772 1109 1800 wesen
1128 1773 1178 1807 sei,
1199 1774 1251 1800 das
1270 1774 1301 1800 in
1314 1774 1415 1800 seinen
1431 1773 1626 1807 Handlungen

267 1828 323 1848 von
343 1820 492 1856 logisehen
511 1820 701 1849 Ressexionen
720 1820 874 1847 bestimmt
892 1820 997 1847 werde.

303 1866 330 1901 2)
368 1867 458 1895 Plane
482 1867 612 1895 declarat
638 1876 663 1902 p.
688 1866 744 1894 ⁴29
768 1867 805 1894 al.
831 1866 863 1894 1:
890 1867 933 1894 Da
958 1867 1038 1894 diese
1064 1866 1252 1894 Gemination
1271 1867 1302 1894 in
1322 1867 1378 1894 den
1399 1866 1627 1894 verschiedenen

267 1914 461 1942 Redetheilen
486 1913 675 1941 verschieden
695 1914 862 1948 reflectiert„
881 1921 913 1941 so
933 1913 1051 1940 werden
1071 1913 1126 1941 vvir
1144 1914 1293 1941 dieselben
1312 1914 1352 1940 im
1372 1913 1537 1948 Folgenden
1556 1920 1627 1940 aus-

267 1960 408 1988 einander
426 1969 461 1987 zu
483 1960 584 1988 hulten
604 1960 709 1988 haben.

303 2006 330 2037 3)
368 2008 386 2034 1.
407 2008 424 2034 1.
446 2016 472 2042 p.
491 2007 547 2034 434
566 2007 618 2034 aL:
639 2007 720 2035 Beim
741 2007 871 2034 Verbum
892 2007 945 2034 hat
963 2008 1015 2035 der
1027 2009 1186 2044 Imperativ
1199 2007 1411 2042 entsprechend
1425 2007 1492 2033 dem
1508 2006 1627 2034 Vocativ

267 2054 319 2081 des
344 2053 483 2088 Nomens,
507 2054 555 2080 die
580 2053 767 2081 Gemination
793 2061 841 2080 am
869 2053 1037 2089 hiiutigsten
1064 2062 1297 2090 angenommen3
1323 2062 1349 2088 p.
1375 2052 1429 2080 435
1455 2053 1491 2080 al.
1511 2052 1544 2080 2:
1570 2052 1631 2080 Zur

268 2100 456 2135 Inter-jection
476 2100 721 2136 herabgesunken
739 2100 779 2127 ist
797 2100 851 2127 der
869 2100 1028 2135 Imperativ
1047 2109 1104 2136 aye
1121 2109 1185 2136 aye.

303 2146 330 2181 4)
368 2147 386 2175 l.
407 2147 425 2174 l.
446 2155 471 2182 p.
491 2146 560 2174 471:
581 2147 698 2175 Fanden
720 2147 773 2174 wir
791 2146 838 2175 die
856 2147 1039 2176 rhetorische
1053 2147 1241 2176 Gemination
1254 2147 1297 2182 (in
1310 2155 1400 2182 quam
1413 2146 1632 2182 geminationes

269 2195 367 2222 Plauti
394 2197 425 2221 et
452 2194 582 2221 Terentii
608 2194 732 2229 recepit)
760 2194 837 2221 ohne
866 2194 977 2229 Copula
1005 2195 1052 2222 bei
1079 2195 1159 2222 allen
1184 2194 1385 2227 Redetheilen,
1409 2194 1457 2221 die
1482 2194 1630 2228 plurative

269 2242 357 2269 meist
374 2241 453 2269 beim
473 2241 598 2276 Nomen,
618 2241 665 2268 die
683 2241 819 2269 iterative
837 2241 915 2269 beim
935 2241 1066 2269 Verbum
1086 2242 1147 2269 und
1166 2242 1244 2269 beim
1258 2240 1452 2276 comparatis«,
1472 2241 1561 2269 meist
1575 2241 1633 2268 mit

268 2282 389 2324 Copula,
402 2297 434 2317 so
447 2288 523 2317 trifft
535 2289 582 2316 die
597 2288 744 2317 Intensive
758 2289 942 2325 vorwiegend
955 2288 1013 2317 den
1027 2289 1136 2318 Positiv
1150 2290 1201 2318 des
1214 2289 1369 2325 Adjecfivs,
1382 2289 1436 2317 bzh
1442 2298 1476 2316 w.
1490 2289 1630 2318 Adverbs.

304 2335 330 2370 5)
368 2336 416 2364 Sic
433 2336 550 2371 saepius
567 2336 646 2363 inter
665 2337 767 2364 breves
785 2336 1052 2364 animadversiones
1071 2344 1147 2372 quas
1165 2337 1314 2371 adspersit,
1336 2336 1411 2363 bona
1431 2337 1527 2364 multa
1546 2337 1631 2364 inve-

269 2384 403 2416 niuntur,
421 2383 458 2411 cf.
477 2391 502 2410 e.
522 2391 564 2418 g.:

307 2431 337 2458 Ρ.
361 2429 432 2458 429:
458 2431 499 2458 im
524 2430 749 2465 gewobnlichen
774 2429 882 2464 Leben,
908 2439 994 2458 wenn
1021 2439 1090 2458 man
1116 2431 1203 2458 einen
1228 2430 1381 2457 stau-keren
1407 2430 1502 2458 Affect
1526 2431 1631 2466 irgend

270 2478 396 2506 welcher
414 2478 468 2505 Art
487 2478 661 2513 hineinlegt.

307 2524 337 2552 Ρ.
356 2523 427 2552 436:
454 2524 497 2552 Da
521 2524 574 2551 der
598 2523 773 2559 Gonjunctiv
799 2524 852 2551 der
869 2524 1087 2561 Aufforderung
1104 2525 1174 2552 oder
1192 2524 1243 2552 des
1263 2524 1429 2552 Wunsches
1447 2533 1485 2552 an
1506 2525 1635 2560 Energie

269 2571 370 2599 hinter
388 2571 455 2599 dem
469 2571 626 2606 imperativ
640 2571 842 2604 zuriicksteht,
855 2579 887 2598 so
900 2571 1000 2606 eiguet
1009 2572 1045 2599 'er
1058 2572 1119 2599 sich
1133 2571 1209 2599 auch
1226 2571 1355 2606 weniger
1368 2580 1420 2598 zur
1433 2571 1629 2599 Gemination.

305 2617 336 2645 P.
354 2617 424 2645 442:
449 2617 487 2646 So
514 2617 583 2645 wird
610 2618 704 2646 durch
731 2618 954 2655 Verdoppelung
979 2619 1032 2646 der
1057 2618 1166 2655 Begriss'
1188 2618 1241 2646 der
1267 2617 1397 2646 Vielheit
1416 2620 1489 2647 noch
1512 2619 1635 2647 starker

270 2665 518 2701 hervorgehoben.
