1932 3121
845 743 1102 797 CAPUT
1148 743 1229 797 IV.

777 900 834 932 De
866 899 909 931 vi
940 899 1282 941 geminationis.

394 1033 541 1066 Summa
566 1032 861 1074 investigationis,
889 1041 982 1074 quae
1006 1032 1051 1065 sit
1077 1032 1131 1065 vis
1154 1034 1187 1065 et
1211 1031 1425 1075 significatio
1448 1032 1708 1075 geminationis,

347 1088 433 1121 mihi
457 1096 536 1120 esse
559 1087 701 1119 videtur
725 1087 831 1119 haec:
863 1087 1045 1119 indoles
1072 1086 1401 1134 geminationis
1424 1086 1621 1119 obnoxia
1643 1090 1712 1119 est

346 1141 530 1175 consilio
561 1150 644 1182 quo
676 1150 755 1174 vox
788 1140 969 1182 simplex
1001 1140 1230 1174 adhibetur
1260 1140 1311 1173 ab
1342 1150 1388 1173 eo
1418 1140 1491 1181 qui
1519 1140 1712 1182 loquitur

345 1196 385 1228 in
418 1197 620 1228 contextu
652 1195 876 1227 orationis.

391 1250 606 1290 Priusquam
635 1251 753 1282 tamen
777 1249 892 1282 dicam
916 1249 1004 1290 quid
1027 1249 1104 1290 ipse
1128 1249 1288 1290 sentiam,
1316 1258 1388 1281 non
1412 1258 1433 1281 a
1456 1249 1532 1281 loco
1556 1249 1710 1281 alienum

345 1304 487 1337 videtur
517 1303 701 1345 opiniones
732 1304 950 1344 pertractare
981 1303 1014 1335 et
1047 1304 1207 1335 veterum
1239 1302 1553 1345 grammaticorum
1577 1303 1622 1335 de
1645 1303 1711 1336 hac

345 1358 553 1400 quaestione
585 1358 795 1398 plerumque
819 1367 890 1389 non
915 1358 1079 1389 consulto
1103 1357 1165 1389 sed
1188 1357 1373 1389 occasione
1395 1357 1502 1389 allata
1526 1357 1710 1398 disputan-

344 1413 445 1454 tium,
491 1414 524 1445 et
568 1412 728 1444 virorum
767 1412 952 1444 doctorum
988 1412 1224 1444 recentiorum
1257 1414 1458 1454 temporum
1494 1412 1560 1444 hac
1594 1412 1638 1445 de
1673 1422 1711 1445 re

344 1467 568 1509 agitantium,
596 1467 721 1498 ordine
744 1469 944 1507 temporum
968 1466 1169 1498 observato.

393 1521 482 1553 Cum
508 1520 577 1552 iam
601 1521 696 1552 locos
721 1522 880 1552 veterum
903 1519 1118 1561 scriptorum
1135 1520 1389 1561 praemiserim,
1409 1520 1454 1552 ad
1470 1529 1531 1552 eos
1545 1520 1710 1552 lectorem

345 1575 462 1608 reicio.
485 1575 531 1608 Ut
547 1574 702 1616 primum
720 1574 764 1606 de
779 1573 925 1607 Graecis
941 1583 1058 1615 agam,
1080 1574 1277 1606 Demetrius
1296 1573 1361 1616 (ηο.
1382 1573 1418 1615 3)
1436 1573 1709 1615 geminationem

344 1628 454 1671 ὄγκον
480 1627 737 1670 (gravitatem),
764 1627 867 1670 χόριν
893 1626 1090 1669 (gratiam),
1114 1625 1291 1670 δεινότητα
1310 1626 1413 1669 (vim)
1431 1627 1561 1660 addere
1576 1630 1706 1669 censet,

343 1684 400 1717 cui
424 1682 584 1725 proxime
607 1682 739 1715 accedit
763 1681 926 1715 Tiberius
953 1681 1019 1723 (n0.
1045 1680 1079 1723 7)
1098 1681 1134 1714 in
1151 1681 1389 1723 geminatione
1403 1680 1578 1724 ἐνέργειαν
1593 1681 1711 1715 inesse

343 1740 487 1780 putans.
523 1737 751 1769 Herodianus
785 1736 852 1778 (Πο.
886 1736 922 1778 8)
956 1746 1077 1769 veram
1111 1736 1182 1768 vim
1214 1736 1461 1778 geminationis
1485 1736 1709 1778 explicationi

343 1793 478 1825 servire
508 1792 602 1833 dicit,
638 1801 792 1833 quocum
824 1800 867 1823 ex
899 1792 1000 1833 parte
1030 1791 1194 1833 congruit
1223 1791 1467 1833 Hermogenes
1493 1790 1558 1832 (Πο.
1587 1790 1622 1833 6)
1648 1791 1709 1832 qui

343 1848 525 1888 praeterea
545 1848 647 1888 putat
668 1846 760 1878 hanc
779 1846 936 1888 figuram
953 1845 1148 1878 adhibitam
1164 1855 1244 1878 esse
1259 1845 1304 1878 ad
1320 1846 1472 1888 gratiam
1489 1847 1523 1878 et
1538 1845 1709 1879 invidiam

343 1901 566 1933 efficiendam
587 1902 620 1933 et
640 1900 794 1933 indolem
815 1900 941 1932 melius
959 1899 1211 1942 effingendam.
1239 1899 1444 1933 Secundum
1456 1899 1612 1941 Apsinen
1625 1909 1710 1933 vero

344 1955 537 1996 scriptores
562 1955 799 1996 geminatione
822 1956 975 1987 utuntur
999 1957 1038 1987 ut
1060 1954 1198 1987 animos
1218 1954 1421 1987 auditorum
1443 1954 1497 1986 vel
1516 1954 1708 1996 legentium

344 2012 589 2042 commoveant
602 2009 642 2050 1).
672 2009 785 2042 Ceteri
810 2009 970 2040 rhetores
994 2011 1134 2040 tantum
1158 2008 1202 2040 de
1226 2008 1368 2040 nomine
1392 2017 1462 2040 non
1487 2008 1531 2040 de
1551 2009 1585 2040 vi
1601 2009 1708 2050 gemi-

345 2062 501 2096 nationis
526 2062 757 2104 scripserunt.

388 2118 444 2149 Ex
475 2116 681 2149 auctoribus
713 2116 848 2148 Latinis
881 2125 1006 2147 moneo
1036 2108 1080 2147 de
1113 2116 1231 2147 verbis
1263 2116 1441 2148 Ciceronis
1473 2117 1509 2148 in
1533 2117 1623 2148 libro
1647 2118 1709 2157 qui

341 2173 396 2203 est
419 2170 615 2211 inscriptus
639 2170 684 2201 de
707 2169 857 2201 Oratore
880 2169 966 2210 (ΙΙΙ,
993 2168 1092 2210 206):
1119 2178 1230 2210 „nam
1253 2170 1288 2201 et
1311 2170 1500 2211 geminatio
1516 2170 1706 2203 verborum

342 2226 448 2258 habet
472 2224 652 2257 interdum
679 2224 761 2265 vim,
789 2223 944 2265 leporem
968 2223 1102 2264 alias”;
1127 2225 1161 2256 et
1185 2223 1393 2261 Quintiliani
1419 2224 1484 2266 (ΠΟ.
1514 2224 1566 2266 1);
1592 2225 1707 2267 „illud

341 2282 395 2312 est
419 2280 537 2312 acrius
562 2287 688 2320 genus,
716 2277 812 2318 quod
830 2285 900 2309 non
921 2279 1061 2309 tantum
1078 2277 1114 2309 in
1135 2277 1271 2310 ratione
1286 2278 1439 2319 positum
1457 2280 1511 2310 est
1525 2279 1704 2320 loquendi,

342 2335 404 2367 sed
433 2334 520 2375 ipsis
546 2333 713 2365 sensibus
737 2331 994 2373 cumgratiam
1017 2334 1093 2364 tum
1117 2332 1222 2364 etiam
1247 2332 1341 2364 vires
1364 2333 1628 2365 accommodat.
1645 2357 1653 2365 .
1672 2358 1679 2365 .
1696 2357 1704 2365 .

342 2398 425 2420 nam
457 2390 490 2420 et
523 2387 631 2420 verba
663 2387 892 2429 geminantur
925 2386 979 2418 vel
1011 2386 1250 2428 amplificandi
1282 2387 1396 2428 gratia
1421 2387 1477 2426 yel
1501 2387 1704 2420 miserandi.

342 2443 443 2481 Quae
474 2443 596 2475 eadem
626 2442 744 2484 figura
774 2451 1046 2482 nonnumquam
1075 2451 1138 2483 per
1161 2441 1299 2474 ironian
1323 2434 1370 2474 ad'
1391 2442 1603 2474 elevandum
1627 2452 1706 2474 con-

342 2497 535 2529 vertitur’'.
572 2498 652 2529 Huc
676 2496 880 2529 addendum
905 2496 992 2528 illud
1016 2496 1116 2529 Gellii
1142 2495 1201 2538 (X,
1229 2496 1282 2537 29,
1310 2496 1346 2538 2>
1369 2498 1505 2538 „atque
1520 2496 1550 2528 si
1567 2497 1706 2539 gemina

378 2661 402 2694 1)
444 2662 464 2694 1,
483 2660 547 2694 406,
567 2660 599 2687 11
622 2648 763 2695 Spengel:
783 2657 880 2689 πάθος
899 2661 1014 2686 ποιοῦσι
1034 2657 1085 2686 καὶ
1105 2658 1136 2685 οἵ
1152 2657 1367 2694 ὃιπλασιασμοί,
1390 2657 1487 2694 Θῆβαι
1507 2656 1540 2686 δὲ
1562 2657 1668 2694 Θῆβαι.
