1932 3121
702 14 711 22 ³
720 14 755 42 ,·‘s3
759 9 830 45 ἀνὴρ

936 276 998 317 95

324 389 371 425 Ut
394 387 509 432 igitur
537 387 654 423 dicam
683 385 782 430 quod
811 386 936 430 sentin,
969 385 1195 421 Woelfflinu's
1223 396 1263 420 re
1285 386 1434 420 confusa
1458 396 1574 429 neque
1596 387 1643 420 ad

277 430 397 484 1ιισθω
413 442 554 485 prolata
575 442 758 496 postremo
777 441 940 484 linguam
962 441 1177 476 Hebraicam
1199 441 1362 484 arripuit.

294 497 382 541 At
397 495 487 530 hac
500 496 538 529 in
569 504 609 529 re
638 493 711 529 non
741 495 821 538 sine
847 495 943 529 iusta
972 504 1083 529 causa
1113 495 1429 538 reprehendendus
1458 498 1524 538 est,
1558 505 1643 529 nam

211 564 216 569 ·
279 547 374 591 recta
416 540 540 584 notitia
579 549 724 598 linguae
767 538 962 584 Hebraicae
1003 550 1238 586 desideratur.
1287 552 1506 595 Argumenta
1547 550 1642 584 enim

278 600 421 647 quibus
445 603 715 638 conclusiones
726 602 804 637 eius
835 605 1011 647 nituntur,
1045 604 1092 638 ab
1121 605 1200 638 aliis
1230 606 1416 638 mutuatus
1444 606 1499 638 est
1526 613 1646 646 neque

277 658 355 701 ipse
387 657 536 702 collegit.
573 657 744 701 Alioquin
771 658 868 693 enim
901 658 963 692 vix
995 659 1246 702 explicandum
1275 661 1340 702 est,
1374 659 1553 702 quomodo
1583 659 1639 692 W.

280 712 344 756 (ps
358 713 378 746 7
401 712 483 749 libri
506 713 568 755 qui
591 713 800 747 inscribitur
823 714 917 756 „Die
939 715 1162 748 Lateinische
1184 715 1260 747 und
1284 713 1522 747 Romanisehe
1538 712 1641 747 Gom·

278 765 486 810 paration”)
511 767 628 800 dicere
650 767 804 810 potuerit
825 769 864 801 in
886 769 1010 811 lingua
1033 768 1210 802 Hebraica
1233 767 1448 801 affirmando
1467 767 1645 800 inservire

273 815 502 865 ’participium
522 822 720 864 praesentis
738 825 774 856 et
792 823 1018 866 participium
1037 823 1182 866 perfecti
1201 823 1258 856 his
1273 822 1360 856 locis
1377 823 1394 855 1
1415 821 1512 856 Sam.
1530 821 1552 855 2
1570 831 1579 855 :
1595 821 1639 855 27

276 877 312 910 et
325 875 429 922 βου.
463 875 507 909 22
533 885 543 909 x
569 876 622 910 17.
658 877 748 910 Νιιω
780 886 896 919 neque
925 870 962 910 in
992 877 1116 920 lingua
1147 877 1323 911 Hebraica
1353 877 1426 910 duo
1456 876 1640 919 participia

277 930 475 972 praesentis
504 932 540 964 et
569 930 714 973 perfecti
746 930 932 975 temporis
960 931 1082 965 extant
1112 933 1148 974 et
1169 933 1351 974 praeterea
1374 931 1412 964 in
1434 931 1493 964 illa
1516 930 1643 973 lingua

277 994 349 1019 non
372 985 598 1027 participium
621 978 851 1020 affirmationi
873 987 1023 1020 inservit
1046 987 1110 1020 sed
1131 985 1333 1034 infinitivus
1356 985 1554 1027 absolutus,
1577 985 1641 1026 qui

276 1039 317 1072 ut
347 1048 413 1086 par
442 1041 529 1082 erat,
556 1040 592 1072 in
617 1040 737 1074 verbis
760 1041 946 1075 Hebraicis
968 1042 1037 1074 illis
1060 1042 1147 1074 locis
1172 1042 1189 1074 1
1217 1041 1313 1074 Sam.
1340 1040 1361 1072 2
1390 1049 1400 1075 ι
1424 1039 1467 1072 27
1490 1041 1524 1072 et
1547 1039 1635 1073 Gen.

276 1092 320 1142 22
350 1102 359 1126 ε
385 1093 579 1136 relegitur
604 1086 734 1136 (πξιτι
757 1096 792 1128 et
814 1094 964 1137 νι-ςπ).

321 1146 456 1181 Collato
478 1150 597 1181 autem
620 1150 720 1182 textu
743 1149 914 1192 Vulgatae
932 1150 994 1192 qui
1013 1150 1029 1182 1
1049 1149 1147 1183 Sam.
1165 1150 1185 1182 2
1205 1160 1214 1182 ε
1232 1149 1274 1182 27
1290 1149 1435 1191 praebet
1449 1147 1642 1182 revelatus
1678 1180 1683 1184 .

275 1200 465 1236 revelatus
493 1211 579 1236 eum
610 1205 644 1236 et
667 1203 755 1237 Gen.
781 1203 824 1237 22
854 1213 863 1236 :
889 1204 931 1237 17
954 1202 1221 1247 multiplicans
1244 1202 1512 1246 multiplicabo
1535 1202 1638 1236 facile

275 1255 459 1299 intellegas
492 1257 678 1299 Vulgatam
709 1267 775 1300 pro
803 1258 991 1291 infinitivis
1020 1258 1204 1291 Hebraicis
1227 1257 1411 1301 participia
1434 1257 1579 1299 perfecti
1601 1259 1636 1290 et

275 1311 472 1352 praesentis
503 1311 653 1354 dedisse,
687 1313 784 1346 unde
810 1313 1051 1346 Woelfflinum
1072 1313 1251 1346 erravisse
1272 1313 1416 1356 linguae
1439 1312 1639 1345 Hebraicae

275 1364 517 1407 assignantem
542 1366 637 1407 quod
662 1376 785 1400 revera
809 1367 983 1400 versionis
1007 1367 1153 1400 Latinae
1174 1369 1239 1400 est.
1681 1363 1685 1367 ⁴

322 1418 501 1453 Sententia
526 1430 547 1452 a
572 1420 771 1454 Woelfflino
793 1422 931 1463 prolata
954 1421 1050 1463 apud
1073 1421 1204 1454 multos
1228 1421 1325 1453 viros
1348 1420 1470 1453 doctos
1489 1422 1637 1462 propter

275 1472 519 1506 auctoritatem
535 1473 603 1506 viri
619 1475 750 1507 summi
765 1475 917 1507 multum
933 1474 1055 1516 valuit,
1073 1475 1122 1507 ita
1138 1476 1178 1507 ut
1193 1474 1386 1516 disputatio
1397 1474 1478 1507 'eius
1494 1483 1637 1515 semper

225 1547 232 1554 -
274 1526 450 1569 laudetur,
476 1527 605 1560 lectore
627 1528 837 1570 plerumque
860 1538 931 1561 non
956 1530 1089 1562 monito
1111 1530 1151 1561 ut
1174 1530 1276 1562 caute
1298 1538 1339 1561 ea
1362 1529 1496 1569 utatur.

319 1581 487 1614 Nonnulli
521 1583 639 1616 tamen
662 1582 741 1621 ,viri
770 1582 1036 1625 explicationem
1067 1582 1144 1616 eius
1174 1582 1279 1616 iustis
1309 1582 1530 1625 argumentis
1561 1591 1632 1615 non

275 1635 340 1668 niti
368 1635 616 1669 intellexerunt
645 1646 795 1685 eamque
824 1637 861 1669 in
892 1636 1042 1669 dubium
1072 1639 1290 1671 vocaverunt
1301 1636 1344 1679 1).
1382 1636 1515 1670 Eodem
1538 1646 1636 1669 anno

277 1688 362 1722 1879
392 1699 464 1731 quo
491 1690 581 1724 liber
605 1687 806 1724 Woelfflinii
828 1691 907 1733 qui:
940 1691 1033 1733 „Die
1056 1691 1277 1724 Lateinische
1299 1691 1375 1724 und
1399 1690 1637 1724 Romaniscbe

228 1784 234 1788 ἱ
275 1737 551 1786 Οοιιιριιτιιῐίοιι”
569 1745 786 1787 inscribitur,
806 1745 936 1787 prodiit
950 1745 1073 1779 iam-J.
1091 1745 1211 1779 Ulrich
1220 1745 1249 1788 2)
1266 1748 1300 1779 et
1316 1746 1357 1779 G.
1379 1745 1547 1787 Koerting
1554 1744 1583 1786 3)
1601 1744 1633 1777 ei

310 1876 335 1905 1)
373 1877 484 1905 Binius
504 1879 521 1904 l.
542 1879 560 1906 l.
579 1881 699 1905 tantum
717 1878 789 1906 dicit
807 1886 877 1905 eum
896 1886 960 1906 rem
979 1887 1038 1907 non
1056 1879 1235 1906 exhausisse.

309 1922 336 1958 2)
374 1924 517 1952 Romania
542 1925 617 1952 Vlll.
644 1933 671 1960 p.
696 1924 752 1952 615
774 1925 916 1965 L’auteur
935 1925 1111 1960 (Woelfflin)
1129 1927 1190 1954 voit
1208 1926 1281 1954 dans
1300 1927 1329 1953 le
1348 1926 1573 1954 redonblement
1590 1925 1631 1952 du

273 1971 374 2006 positis
400 1980 473 2007 pour
497 1972 607 2000 former
630 1971 773 2008 l'„elatit'‘
799 1968 927 2007 (comme
951 1973 973 2000 il
998 1974 1113 2008 appelle
1136 1974 1165 2001 le
1189 1974 1345 2009 supet-latis
1370 1972 1494 2008 absolu),
1518 1973 1590 2000 c'est
1613 1971 1634 1999 a.

273 2017 336 2045 dire
360 2018 434 2045 dans
459 2019 503 2045 les
524 2019 707 2053 expressions
725 2009 847 2046 comme*
860 2019 967 2054 froddo
986 2020 1104 2055 froddo,
1123 2028 1183 2047 une
1201 2020 1348 2047 inssuence
1368 2021 1403 2047 de
1422 2019 1565 2047 l'hebreu.
1592 2018 1632 2045 Le

272 2064 328 2092 fait
350 2067 397 2093 est
421 2072 480 2101 que
506 2067 584 2093 cette
610 2065 740 2093 maniere
766 2065 915 2094 d’insister
938 2074 991 2094 sur
1016 2074 1076 2094 une
1099 2065 1164 2094 idee
1188 2075 1226 2094 en
1251 2067 1425 2094 redoublant
1451 2066 1479 2094 le
1499 2068 1561 2093 mot
1578 2065 1633 2100 qui

271 2111 422 2147 l'exprime
447 2116 494 2140 est
518 2120 676 2140 commune
698 2112 716 2140 ὲ,
735 2113 887 2148 beaucoup
905 2113 942 2141 de
961 2114 1085 2149 langues
1097 2115 1134 2142 'et
1152 2122 1190 2141 ne
1208 2122 1240 2141 se
1258 2114 1348 2142 borne
1367 2121 1421 2149 pas
1439 2107 1457 2141 a.
1475 2112 1631 2148 l'adjectif;

272 2158 361 2186 Kfihn
387 2158 432 2186 dit
455 2159 529 2187 dans
551 2167 605 2187 son
621 2160 741 2195 joui-nal
760 2160 783 2194 Ι,
801 2159 855 2187 12:
874 2160 1138 2196 „Doppelt-gesagt
1155 2161 1194 2188 ist
1214 2160 1476 2188 naehdriicklieher
1494 2152 1632 2195 gaeagt'’ss
1657 2182 1660 2184 v

271 2204 308 2233 cf·
327 2204 518 2233 l’Allemand!
539 2205 644 2241 Hinab,
663 2206 755 2234 hinab
773 2206 805 2234 in
822 2207 875 2234 der
892 2206 968 2234 Erde
987 2207 1090 2235 Ritzen
1109 2207 1216 2242 rinnet,
1236 2207 1345 2242 munet,
1362 2207 1462 2235 rinnet
1477 2207 1546 2234 dein
1562 2206 1633 2233 Blut

271 2250 378 2285 (Bi-sut
401 2260 458 2280 von
483 2252 624 2287 Messina)
648 2256 682 2281 et
705 2253 820 2289 l'angl.:
845 2254 988 2289 „Scrooge
1013 2258 1094 2283 went
1117 2258 1149 2282 to
1167 2255 1222 2283 bed
1242 2255 1328 2290 again
1347 2255 1405 2282 and
1424 2254 1555 2290 thought
1573 2253 1632 2281 and

269 2298 402 2336 thought
426 2300 484 2328 and
509 2300 641 2337 thought
658 2301 683 2329 it
701 2309 771 2329 over
788 2301 847 2329 and
867 2309 936 2329 over
954 2302 1012 2329 and
1031 2300 1119 2330 over'’
1138 2301 1286 2337 (nicheus,
1305 2301 1469 2330 Christmas
1486 2300 1573 2329 Garol
1591 2299 1636 2334 2.)

307 2345 334 2381 ⁸)
371 2346 509 2375 Zeitschr.
538 2347 588 2375 fiir
611 2347 696 2376 Rom.
721 2347 796 2387 Phil.
822 2348 863 2376 111
888 2347 962 2376 1879
981 2356 1014 2383 p.
1041 2349 1095 2376 577
1121 2357 1165 2385 sq.
1192 2349 1318 2384 Bildung
1343 2350 1424 2377 eines
1449 2348 1632 2384 Superlativs

270 2393 365 2422 durch
391 2393 616 2431 Verdoppelung
634 2395 686 2423 des
705 2387 837 2423 Positivs.
864 2395 947 2423 Diese
966 2395 1225 2424 Ausdrucksweise
1243 2396 1283 2423 ist
1300 2396 1366 2424 dem
1387 2395 1508 2424 Christl.
1527 2395 1636 2423 Latein

269 2440 513 2479 cigenthiimlich‚
539 2441 650 2470 welche
675 2441 803 2470 disselbe
828 2441 905 2470 nach
929 2441 1002 2470 W.’s
1026 2442 1151 2471 Ansicht
1175 2450 1230 2470 aus
1255 2443 1322 2471 dem
1349 2443 1436 2472 Hebr.
1455 2443 1631 2472 iibernahm.

269 2487 465 2516 Bekanntlieb
489 2489 529 2516 ist
554 2489 585 2516 in
605 2489 658 2516 der
681 2490 742 2517 ital.
769 2489 1041 2525 Umgangsspmche
1068 2490 1135 2517 eine
1160 2490 1306 2525 derartige
1327 2491 1562 2526 Doppelsetzung
1581 2491 1632 2517 des

270 2534 426 2571 Adfictivs,
453 2536 541 2564 bezw.
567 2535 700 2564 Adverbs
722 2537 792 2567 sehr
816 2536 936 2568 beliebt,
962 2537 1023 2564 und
1048 2537 1144 2565 dieser
1169 2537 1315 2566 Umstand
1342 2539 1458 2566 mochte
1485 2538 1559 2565 doch
1585 2537 1631 2565 die

269 2581 480 2619 Vermuthung
513 2583 687 2620 nahelegen‚
712 2584 779 2613 dass
807 2585 860 2612 wir
886 2592 918 2612 es
946 2584 1011 2612 hier
1038 2586 1094 2612 mit
1121 2585 1204 2614 einer
1230 2586 1395 2622 originalen
1423 2587 1551 2622 Bildung
1579 2586 1632 2613 der

268 2628 529 2668 spiitlnteinischen
547 2630 781 2667 Vulgarspraehe
799 2631 860 2659 und
880 2632 964 2659 nicht
981 2632 1038 2659 mit
1054 2632 1152 2660 einem
1170 2632 1360 2661 Hebraismus
1378 2642 1414 2661 zu
1432 2634 1510 2661 thun
1525 2632 1630 2660 haben.

269 2676 460 2713 Heben-haupt
488 2678 604 2706 scheint
629 2687 686 2706 uns
710 2678 757 2706 W.
784 2679 860 2706 allzu
886 2679 1007 2714 geneigt
1031 2688 1084 2706 zur
1108 2680 1265 2707 Annahme
1292 2689 1348 2708 von
1375 2681 1567 2708 Hebraismen
1594 2688 1634 2707 zu
