1932 3121
270 765 351 800 613.

271 820 351 853 614.

937 290 980 323 55

704 409 883 451 Adelphos
906 408 971 441 620
996 407 1079 450 (abi
1101 406 1204 449 abo:

438 499 604 527 Aeschinus
637 497 810 525 adulescens
841 505 939 525 secum
970 497 1102 533 loquitur

401 547 437 574 de
465 545 613 581 colloquio
637 544 717 580 quod
743 544 849 572 habuit
873 552 942 572 cum
969 543 1102 572 Sostrata

400 601 462 621 anu
488 592 604 619 nutrice
630 584 801 626 Pamphilae
826 591 1020 619 mulierculae
1034 599 1101 626 par-

400 639 549 674 tumentis,
574 646 666 674 quam
692 638 856 666 Aeschinus
881 646 913 665 se
938 638 1099 666 ducturum

400 686 604 721 spoponderat,
624 690 725 712 tamen
745 685 879 713 deserere
899 685 1071 715 videbatur..

668 765 806 798 Pectori
827 764 1022 798 consistere
1075 783 1080 788 -

400 819 457 852 Nil
469 819 594 853 consili
605 819 695 861 quit.
711 818 791 857 Quo
803 818 908 852 modo
921 818 986 852 bac
999 828 1054 851 me
1065 818 1249 860 expediam
1261 818 1367 851 turba
1379 817 1397 851 2
1414 818 1528 852 Tanta
1541 828 1638 851 nunc

271 872 411 916 615116.
463 874 627 917 Suspicio
650 874 694 907 de
716 873 935 907 me'incidit:
961 873 1043 916 vah,
1069 883 1185 916 neque
1202 883 1243 907 ea
1263 873 1447 906 inmerito:
1475 873 1637 907 Sostrata

274 928 350 962 617.

271 983 351 1018 618.

272 1038 351 1072 619.

270 1092 350 1126 620.

270 1146 349 1179 621.

269 1200 351 1233 622.

269 1579 350 1613 629.

270 1634 349 1667 630.

269 1680 356 1722 631.

269 1742 350 1777 632.

401 929 520 963 Credit
533 929 619 962 mihi
631 938 688 962 me
699 929 884 971 psaltriam
895 928 1024 962 emisse
1035 929 1143 962 hanc:
1156 928 1193 961 id
1203 938 1296 961 anus
1306 928 1354 961 mi
1361 928 1532 961 indicium
1540 928 1635 962 fecit.

400 984 490 1017 Nam
503 985 543 1018 ut
555 984 639 1018 hinc
647 984 786 1018 forteea
795 983 841 1017 ad
849 983 1071 1017 obstetricem
1080 985 1156 1017 erat
1164 983 1285 1025 missa,
1301 983 1363 1017 ubi
1371 993 1449 1017 eam
1458 983 1543 1026 vidi,
1557 983 1637 1017 ilico

401 1039 557 1072 Accede:
583 1039 727 1081 rogito,-
737 1036 921 1080 Pamphila
945 1039 1031 1080 quid
1054 1040 1148 1082 agat,
1174 1039 1244 1071 iam
1269 1040 1396 1080 partus
1419 1039 1543 1081 adsiet,

400 1093 500 1126 Eone
509 1092 733 1126 obstetricem
746 1094 915 1126 arcessat.
927 1092 992 1126 Illa
1003 1093 1175 1126 exclamat
1191 1091 1279 1134 ‘abi‚
1292 1091 1359 1126 abi
1365 1093 1436 1126 iam
1445 1093 1635 1126 Aeschine:

402 1146 497 1180 Satis
520 1146 582 1179 diu
605 1146 733 1179 dedisti
758 1146 879 1188 verba,
905 1149 960 1179 sat
982 1146 1101 1179 adhuc
1122 1148 1185 1179 tua
1208 1156 1275 1179 nos
1291 1140 1500 1180 frustratast
1515 1147 1631 1180 fides’.

403 1200 533 1242 “Hem,
564 1200 650 1242 quid
674 1201 766 1233 istuc
789 1199 963 1234 obsecro’'
988 1200 1134 1242 inquam
1161 1200 1240 1233 “est
1251 1200 1297 1234 ?”
1327 1200 1474 1243 walens,
1501 1201 1635 1234 habeas

1258 1255 1353 1288 illam
1377 1265 1470 1297 quae
1493 1255 1633 1297 placet'.

737 1392 915 1435 Adelphoe
938 1392 1003 1426 630
1028 1392 1146 1435 (utut)
1159 1404 1167 1425 ε

438 1468 503 1509 Ipse
528 1467 584 1495 sibi
609 1468 766 1503 exprobrat
784 1468 964 1502 adulescens,
983 1476 1014 1496 se
1033 1476 1096 1495 esse

398 1522 518 1542 causam
538 1515 629 1542 falsae
648 1523 720 1542 suae
738 1515 845 1542 famae.

399 1580 497 1613 Haec
527 1580 615 1614 adeo
646 1590 722 1614 mea
754 1580 858 1622 culpa
885 1580 964 1614 fieri
985 1581 1109 1614 fateor.
1143 1581 1221 1618 Non
1246 1592 1302 1615 me
1325 1583 1418 1616 hanc
1441 1593 1516 1616 rem
1541 1585 1633 1625 patri

406 1633 497 1668 Utut
519 1636 595 1667 erat
618 1635 729 1676 gesta,
756 1633 949 1667 indicasse!
975 1635 1189 1669 Exorassem
1213 1637 1253 1668 ut
1275 1645 1354 1669 eam
1377 1637 1556 1672 ducerem.

399 1688 587 1722 Cessatum
598 1698 714 1730 usque
726 1688 843 1722 adhuc
854 1690 925 1721 est:
938 1698 1035 1722 nunc
1045 1698 1164 1731 porro,
1175 1689 1359 1732 Aeschine,
1371 1692 1632 1734 expergiscere!

398 1743 502 1777 Nunc
526 1743 592 1776 hoc
615 1743 825 1785 primumst:
856 1743 901 1776 ad
924 1743 1001 1777 illas
1024 1743 1095 1786 ibo,
1121 1746 1162 1777 ut
1185 1754 1334 1788 purgem
1359 1755 1427 1780 me.
1461 1747 1633 1781 Accedam

1454 1802 1500 1834 ad
1523 1802 1629 1835 soree.

270 1930 545 1972 Indignationis
558 1943 567 1965 ι

268 2346 349 2380 493.

267 2400 348 2434 494.

267 2453 348 2488 495.

267 2508 348 2542 496.

267 2671 347 2706 499.

636 2036 776 2078 Hecyra
800 2035 946 2078 495J496
971 2035 1100 2078 (mane
1122 2035 1268 2079 mane):

436 2125 531 2153 Senex
547 2125 607 2153 filio
622 2133 685 2160 suo,
698 2125 746 2160 cui
759 2126 789 2152 in
802 2125 901 2152 animo
915 2128 961 2153 est
974 2133 1094 2153 uxorem

398 2173 562 2208 repudiare,
581 2173 653 2208 quia
670 2172 749 2200 inter
767 2180 832 2200 eam
851 2180 885 2200 ac
902 2180 1019 2200 socrum
1037 2172 1095 2200 ini-

399 2220 529 2248 micitiae
549 2222 630 2247 ortae
649 2227 713 2247 esse
732 2220 877 2254 videntur,
896 2222 993 2247 coram
1013 2223 1095 2255 patre

398 2267 498 2294 uxoris
517 2267 724 2302 repudiandae.

910 2346 1056 2379 SENEx.
1072 2347 1124 2380 ‚Si
1148 2348 1275 2381 sanu's
1300 2350 1399 2391 satis,

397 2401 487 2433 Iube
509 2401 604 2434 illam
629 2401 755 2434 redire.
781 2402 929 2434 FILIUS.
955 2401 1033 2434 Non
1056 2403 1110 2434 est
1133 2402 1334 2444 consilium,
1360 2406 1477 2445 pater:

397 2455 522 2488 Matris
547 2455 688 2489 servibo
712 2455 916 2498 commodis.
946 2455 1037 2489 SEN.
1064 2447 1144 2494 Quo
1167 2456 1274 2490 abis?
1300 2457 1427 2501 Mane,

396 2507 522 2552 Mane,
549 2510 716 2552 inquam:
742 2519 814 2552 quo
836 2509 942 2543 abis?
969 2509 1047 2553 (Abit
1062 2510 1165 2554 fitius).
1192 2512 1325 2546 PATER
1349 2520 1508 2548 UXORIS.
1535 2514 1635 2553 Quae

1236 2568 1323 2601 haec
1346 2570 1399 2601 est
1424 2569 1634 2610 pertinacia!

397 2673 475 2706 Non
499 2673 631 2707 credidi
655 2674 778 2717 edepol
801 2674 888 2718 adeo
911 2674 1149 2709 inhumanum
1174 2677 1262 2711 fore.
