1932 3121
944 271 985 304 77

278 375 470 409 identidem
495 375 662 408 laudatur
673 373 716 417 1).
742 375 813 408 Nec
835 374 977 416 iniuria,
1005 383 1089 408 nam
1112 375 1143 407 si
1167 382 1239 406 non
1262 374 1393 416 omnia,
1421 375 1508 407 satis
1532 374 1644 407 multa

278 429 440 472 exempla
467 431 635 471 congesta
658 431 754 472 sunt,
781 432 822 466 ut
844 429 930 463 certi
953 429 1086 471 aliquid
1109 428 1194 462 inde
1215 428 1311 474 effici
1333 429 1457 470 possit.
1492 429 1543 461 De
1565 438 1644 470 pro·

279 484 464 526 gressione
486 483 626 526 figurae
648 493 756 525 quam
779 484 960 517 invenisse
982 483 1036 516 W.
1064 483 1132 516 sibi
1156 483 1257 515 visus
1280 484 1335 515 est
1357 484 1479 524 postea
1496 484 1644 515 acturus

244 555 247 562 ι
279 537 472 571 nonnullas
487 537 772 578 *observationes*
786 548 883 571 nunc
905 538 1142 580 praemittam.

325 591 429 630 Quod
448 591 494 633 ad
512 590 698 624 materiam
718 592 895 625 collectam
912 593 1047 634 attinet,
1066 601 1138 625 non
1154 592 1273 625 omnia
1289 591 1450 633 exempla
1466 591 1645 633 congessit

281 655 327 679 ne
348 652 368 678 e
392 645 517 679 Plauto
539 647 573 678 et
597 646 759 679 Terentio
783 645 937 688 quidem.
976 647 1098 688 Neque
1121 646 1260 679 curavit
1283 646 1488 679 contextum
1512 645 1549 678 in
1572 655 1645 687 quo

279 696 537 742 geminationes
566 700 810 741 inveniuntur,
845 700 940 733 unde
971 701 1142 734 nonnulla
1172 700 1287 733 aliena
1318 709 1462 741 quoque
1492 700 1645 733 fortasse

278 764 324 787 ex
347 754 524 809 indicibus
548 754 735 796 desumpta
758 755 927 796 leguntur
937 752 980 796 2)’.
1012 755 1061 787 De
1085 755 1120 787 vi
1144 754 1393 797 geminationis
1416 763 1488 787 non
1512 754 1644 787 multas

278 795 547 841 observationes
577 808 684 847 dedit,
717 808 829 840 multo
860 808 979 840 minus
1010 818 1118 849 quam
1150 809 1299 849 Pettius,
1334 818 1407 849 quo
1432 808 1567 841 factum
1590 811 1644 840 est

280 864 321 895 ut
351 862 437 904 quid
467 861 677 895 iudicaverit
707 861 918 904 plerumque
948 871 991 894 ex
1021 862 1195 895 divisione
1217 861 1263 894 ab
1285 871 1327 895 eo
1349 861 1512 895 instituta
1536 871 1643 903 quae-

281 916 431 948 rendum
456 916 513 948 sit.

325 970 443 1012 Agens
466 970 510 1002 de
532 969 706 1002 divisione
729 969 927 1002 secundum
951 969 1070 1002 varios
1093 969 1243 1002 affectus
1266 970 1385 1012 animi,
1412 979 1522 1011 quam
1540 969 1642 1002 Volk-

280 1033 436 1057 mannus
444 1022 474 1065 ³)
492 1033 512 1056 e
527 1023 745 1062 Quintiliano
760 1024 1021 1065 desumpserat,
1041 1023 1264 1056 Woelfflinus
1275 1024 1430 1057 declarat
1441 1033 1480 1056 se
1493 1024 1642 1065 vestigia

281 1078 410 1110 horum
433 1078 534 1119 sequi
554 1078 646 1110 nolle
665 1087 795 1110 novam
815 1077 1025 1110 divisionem
1045 1078 1235 1110 instituens
1255 1078 1642 1119 geminationumsquas

278 1135 314 1164 et
337 1131 573 1164 affirmativas
589 1133 623 1164 et
639 1132 833 1164 rhetoricas
849 1132 1010 1164 nominat
1026 1131 1223 1164 secundum
1240 1131 1432 1164 divisiones
1448 1132 1640 1164 verborum

281 1195 301 1217 a
325 1185 565 1227 grammaticis
588 1185 770 1217 institutas
782 1184 826 1227 4),
854 1185 931 1217 Hac
954 1194 992 1217 re
1016 1185 1109 1217 viam
1130 1195 1151 1217 a
1171 1185 1386 1222 Quintiliano
1407 1187 1639 1218 monstratam

280 1239 437 1272 relictam
476 1248 554 1271 esse
591 1248 657 1281 ego
691 1239 833 1280 quidem
870 1239 981 1280 doleo,
1018 1239 1127 1271 immo
1161 1239 1332 1271 rationem
1367 1249 1387 1271 a
1423 1239 1641 1277 Quintiliano

279 1293 470 1327 indicatam
494 1293 673 1326 meliorem
698 1302 835 1335 censeo,
862 1302 971 1334 quam
996 1290 1161 1326 Pottium'
1174 1293 1264 1326 falso
1284 1298 1426 1326 secutus
1443 1293 1642 1334 relinquere

282 1347 505 1382 ,Woelfflinus
530 1357 601 1379 non
624 1347 746 1379 debuit
757 1343 800 1389 5)’.
829 1347 984 1379 Pottium
1007 1347 1100 1379 enim
1125 1347 1317 1380 divisiones
1341 1357 1426 1379 suas
1449 1347 1640 1387 instituens

280 1402 425 1434 secutus
467 1410 546 1434 esse
587 1401 727 1434 videtur
769 1401 977 1443 praesertim
1017 1401 1080 1434 ubi
1120 1401 1165 1434 de
1206 1401 1501 1444 geminationibus
1544 1401 1640 1443 apud

280 1457 493 1497 posteriores
516 1456 589 1498 agit
612 1456 720 1497 idque
742 1455 891 1488 confuse
913 1458 947 1488 et
969 1455 1185 1497 dubitanter,
1213 1465 1292 1488 cum
1318 1456 1409 1488 hanc
1431 1455 1639 1488 divisionem

281 1509 482 1551 protulerit:

364 1564 392 1597 Ι.
442 1564 715 1606 geminationem
738 1563 992 1597 affirmativam
1018 1563 1256 1606 (rhetoricam,
1283 1562 1545 1605 emphaticam).

346 1619 394 1650 ΙΙ.
575 1643 598 1659 „
736 1618 951 1659 plurativam
975 1620 1009 1650 et
1032 1619 1242 1650 iterativam.

325 1672 393 1704 ΙΙΙ.
574 1696 597 1713 ,,
736 1672 963 1704 intensivam.

325 1725 477 1757 Tertiam
504 1725 605 1757 ’enim
640 1725 849 1758 divisionem
884 1726 1029 1758 omnino
1063 1735 1106 1757 ex
1140 1725 1231 1757 libro
1267 1726 1370 1757 Pottii
1400 1725 1641 1766 desumpsisse

280 1779 421 1811 videtur
443 1779 568 1811 iisdem
592 1779 696 1811 etiam
719 1779 889 1821 exemplis
912 1788 1019 1811 usus:
1044 1788 1233 1821 murmur,
1260 1788 1451 1820 susurrus,
1468 1777 1636 1821 papilio,

281 1831 497 1875 tintinnire,
519 1834 658 1875 turtur,
678 1832 790 1867 ulula
805 1842 951 1876 upupa,
972 1832 1138 1867 cuculus.
1166 1833 1428 1867 Geminationes
1444 1833 1640 1875 plurativas

317 2045 342 2076 1)
381 2046 434 2072 Th.
457 2046 517 2072 Birt
535 2045 609 2072 1900
628 2049 659 2072 et
677 2045 766 2079 191ος
787 2045 1080 2079 Dziatsko—Hauler‚
1099 2046 1163 2072 Ter.
1186 2046 1322 2072 Phormio
1340 2045 1399 2072 ed.3
1412 2045 1498 2079 19043
1518 2046 1551 2072 Η.
1567 2046 1641 2072 Hul-

279 2091 405 2126 tenberg
426 2092 493 2118 diss.
515 2091 623 2126 Upsala
641 2090 729 2125 1903;
757 2091 845 2118 Einar
864 2091 1006 2118 Loffstedt
1024 2090 1094 2118 1911
1127 2091 1286 2119 Wernicke
1305 2092 1373 2118 diss.
1393 2091 1540 2118 Rostochii
1558 2091 1640 2119 1912.

316 2138 343 2172 2)
380 2138 427 2166 Sic
446 2140 525 2166 inter
543 2139 677 2173 exempla
697 2139 806 2174 recepit
826 2138 921 2166 Plaut.
942 2138 1002 2166 Mil.
1021 2138 1090 2166 4⁶29:
1119 2139 1224 2174 „Enim
1245 2148 1282 2166 ne
1302 2147 1354 2166 nos
1373 2142 1489 2166 nosmet
1507 2139 1642 2174 perdide-

280 2188 373 2213 rimus
393 2186 536 2221 uspiam'’,
555 2186 606 2213 uhi
625 2186 752 2213 alterum
773 2184 843 2213 ‘nos‘
864 2186 1030 2213 subiectum
1050 2186 1179 2213 alterum
1201 2185 1271 2213 ‘nos'
1291 2187 1437 2213 obiectum
1457 2189 1511 2213 est.

316 2232 342 2266 3)
381 2233 399 2260 l.
420 2234 438 2260 l.
459 2241 486 2268 p.
505 2232 561 2259 466
579 2233 617 2259 al.
1080 2233 1083 2242 ¹

316 2280 342 2314 4)
380 2282 399 2307 l.
420 2282 437 2308 1.
458 2279 527 2307 429:
555 2278 608 2307 ‘Ob
634 2288 666 2307 es
691 2280 813 2314 passend
840 2280 884 2307 sei
910 2281 965 2316 mit
985 2280 1152 2308 Volkmann
1173 2282 1219 2308 die
1238 2281 1384 2315 Theilung
1402 2281 1432 2307 in
1452 2281 1643 2315 amplificatio

280 2327 340 2353 und
361 2327 575 2354 commiseratio
594 2326 828 2359 beizubehalten,
850 2327 954 2353 wollen
975 2327 1029 2353 wir
1048 2327 1132 2354 nicht
1150 2327 1350 2361 entscheiden,
1370 2327 1443 2354 doeh
1457 2328 1573 2355 scheint
1587 2337 1643 2355 uns

279 2374 404 2409 Apsines
429 2372 485 2400 406
510 2373 650 2408 richtiger
674 2373 737 2400 sich
762 2372 986 2400 auszudriicken
1016 2382 1103 2401 wenn
1123 2382 1155 2401 er
1174 2382 1229 2400 von
1250 2373 1301 2401 der
1319 2374 1522 2401 rhetorischen
1542 2374 1643 2402 Gemi-

280 2421 420 2448 nationen
440 2421 480 2447 im
501 2420 705 2455 Allgemeiuen
724 2423 790 2455 sagt
807 2417 905 2450 πάθος
922 2421 1074 2448 ποιοῦσιν’.

316 2465 342 2501 5)
381 2466 440 2495 Hoc
458 2467 520 2495 loco
539 2474 770 2495 commemorare·
788 2466 874 2494 velim
894 2475 971 2502 quae
992 2467 1191 2502 Wundt³1,2‚
1203 2476 1228 2502 p.
1239 2466 1295 2494 595
1307 2468 1336 2495 in
1351 2467 1540 2497 adnotatione
1554 2477 1644 2504 agens

278 2514 316 2540 de
341 2514 513 2548 metaphora
539 2513 653 2541 scribit:
679 2512 781 2541 ‘Einen
804 2513 977 2541 Fonsehi-itt
996 2514 1050 2542 hat
1069 2514 1115 2542 die
1135 2514 1329 2549 Behnndlung
1348 2514 1400 2541 der
1419 2514 1593 2550 Metaphern
1612 2516 1641 2543 in

279 2559 376 2587 dieser
411 2560 578 2595 Beziehung
611 2560 641 2586 in
677 2560 734 2587 den
764 2559 991 2595 Darstellungen
1020 2561 1079 2588 der
1101 2560 1241 2588 Rhetorik
1271 2561 1327 2588 seit
1356 2560 1522 2593 Quintilian
1552 2562 1642 2589 kaurn

277 2607 425 2642 gemacht.
445 2607 532 2634 Seine
551 2607 636 2634 Siitze
656 2607 766 2634 kehren
789 2607 876 2634 meist
895 2616 954 2634 nur
971 2608 1028 2635 mit
1045 2609 1191 2635 reicherer
1209 2608 1386 2643 Sammlung
1405 2617 1459 2635 von
1481 2610 1642 2644 Beispielen

279 2653 326 2680 bei
345 2661 476 2681 neueren
497 2654 643 2681 Auctoren
667 2654 791 2681 wieder!
