1932 3121
959 274 1000 307 12

390 375 553 419 Utiliter,
575 376 822 420 populosque
844 376 950 411 iuves
974 378 1043 411 tua
1065 385 1178 411 saera
1200 376 1364 411 colentes
1372 376 1414 411 !¹’

388 429 575 473 Quisquis
598 430 718 471 adest,
744 431 894 464 iussum
918 431 1121 465 veneratur
1143 439 1298 473 numen,
1326 432 1362 465 et
1385 440 1516 465 omnes

390 483 509 518 Verba
530 483 744 518 sacerdotis
765 483 936 518 referunt
965 483 1227 528 yeminata,
1257 483 1448 529 piumque
1472 501 1474 504 ·

383 538 588 573 Aeneadae
607 539 812 582 praestant
834 540 871 573 et
894 540 1019 573 mente
1041 539 1078 573 et
1099 548 1187 573 voce
1208 538 1389 583 favorem,

295 593 354 625 ubi
370 592 569 636 yeminare
591 594 848 626 continuare
871 593 1060 636 significat.
1081 594 1169 627 Eam
1186 594 1483 636 significationem
1500 593 1660 627 continui

293 656 476 680 connexus
519 647 732 681 vocabulum
775 648 854 681 luce
896 648 1028 681 clarius
1070 647 1176 681 habet
1210 648 1307 690 apud
1345 647 1444 682 Suet.
1481 648 1582 681 Dom.
1603 648 1657 680 .:7

291 701 539 743 yeminari
569 701 766 745 leyionum
795 703 925 736 castra
950 700 1179 745 prohibuit:
1209 702 1306 744 apud
1337 702 1420 736 Tac.
1454 703 1545 735 Ann.
1580 702 1609 743 1,
1636 702 1659 735 3

291 754 559 797 qeminatis
590 755 856 790 eomitatibus
887 755 1021 801 extulit
1051 755 1117 798 (sc.
1150 756 1337 798 Augustus
1364 754 1591 798 Agrippam);
1623 757 1660 788 et

290 818 334 840 ex
358 813 570 851 argumento
594 810 710 851 primo
733 811 850 843 Plauti
874 810 994 843 Militis
1018 810 1182 851 Gloriosi,
1210 819 1243 842 ν.
1272 811 1292 842 5
1316 819 1416 851 sqq.:

1316 864 1352 896 et
1374 863 1480 896 forat

475 916 693 950 Geminis
717 926 956 950 communem
981 910 1081 950 clam
1101 916 1291 960 parietem
1314 916 1357 950 in
1380 916 1542 950 aedibus

470 969 599 1004 Licere
621 972 665 1004 ut
690 971 817 1014 quiret
840 970 1039 1005 convenire
1062 970 1297 1020 amantibus.

334 1024 560 1067 Quamquam
585 1035 656 1058 non
681 1035 773 1068 nego
797 1026 968 1059 vocabula
996 1023 1215 1069 ‘yeminare'
1240 1027 1275 1058 et
1294 1023 1531 1069 ‘yeminatio’
1549 1024 1654 1057 etiam

289 1088 396 1121 saepe
426 1080 550 1112 latiore
573 1089 682 1112 sensu
707 1083 882 1122 usurpata
905 1090 994 1121 esse,
1021 1083 1138 1113 tamen
1164 1082 1257 1112 recte
1280 1080 1366 1112 mihi
1390 1080 1658 1112 demonstrasse

290 1134 412 1167 videor
441 1131 747 1177 significationem,
775 1144 883 1177 quam
907 1144 972 1177 ego
992 1143 1133 1176 sequor,
1160 1134 1367 1176 primariam
1391 1134 1504 1167 fuisse
1523 1135 1557 1167 et
1572 1142 1654 1167 con-

289 1198 418 1230 gruere
449 1198 529 1222 cum
562 1189 823 1231 significatione
853 1189 1094 1231 etymologica,
1129 1199 1149 1221 a
1176 1189 1298 1248 multis
1321 1189 1427 1222 etiam
1451 1188 1655 1221 rhetoribus

288 1243 603 1284 grammaticisque
626 1244 784 1285 antiquis
808 1243 977 1277 adhibita.

334 1297 493 1337 Denique
534 1306 615 1329 cum
659 1297 802 1338 plurimi
845 1297 1003 1330 rhetores
1045 1297 1317 1339 geminationem
1360 1296 1537 1338 appellent
1574 1305 1652 1329 eam

287 1360 395 1391 quam
430 1360 496 1392 ego
528 1360 649 1383 veram
679 1351 949 1392 geminationem
976 1351 1130 1391 nomino,
1157 1352 1281 1383 eontra
1303 1350 1546 1383 Wernickium
1570 1359 1651 1383 cum

287 1404 491 1437 Woelfflino
503 1403 531 1446 l)
576 1404 759 1438 affirmare
799 1405 902 1437 velim
943 1397 1191 1447 geminationis
1230 1404 1385 1446 figuram
1425 1412 1505 1437 esse
1543 1403 1650 1436 conti-

287 1457 490 1492 nuationem
516 1458 697 1500 quandam
722 1459 878 1492 eiusdem
904 1458 1065 1492 vocabuli
1084 1459 1201 1501 talem,
1227 1460 1267 1492 ut
1284 1458 1421 1493 nullum
1438 1457 1651 1492 vocabulum

286 1514 348 1545 aut
380 1515 474 1545 certe
505 1513 643 1545 nullum
676 1513 899 1553 vocabulum,
932 1513 1027 1554 quod
1058 1513 1287 1546 adiectionem
1319 1513 1475 1558 aliquam
1506 1512 1648 1553 efficiat,

285 1566 436 1599 intersit.

333 1620 403 1653 Sed
443 1623 625 1662 praeterea
666 1631 786 1654 vocem
827 1621 1074 1663 geminationis
1112 1623 1261 1654 aetatem
1296 1621 1421 1653 tulisse
1455 1629 1570 1661 usque
1604 1619 1650 1652 ad

284 1674 522 1707 recentiorum
553 1676 753 1716 temporum
788 1675 883 1707 viros
913 1675 1035 1707 doctos
1058 1675 1233 1707 existimo.
1267 1674 1366 1707 Inter
1390 1683 1481 1715 quos
1505 1673 1650 1715 plurimi

284 1738 435 1761 numero
459 1738 575 1770 neque
592 1729 723 1761 idcirco
740 1729 882 1761 minime
898 1729 1043 1770 nobiles,
1067 1730 1107 1761 ut
1126 1728 1294 1770 Scaliger,
1320 1729 1412 1770 Diez,
1436 1728 1474 1760 A.
1495 1728 1534 1760 F.
1554 1728 1645 1769 Pott,

284 1782 351 1815 Ed.
388 1783 565 1815 Woelfflin
577 1782 619 1825 2),
657 1782 826 1815 vocabulo
861 1783 1109 1825 geminationis
1141 1785 1239 1815 artos
1270 1783 1510 1815 attribuerunt
1541 1782 1644 1815 fines.

282 1837 424 1870 Accedit
455 1839 495 1869 ut
527 1837 631 1870 Pottii
655 1840 688 1870 et
713 1837 901 1870 Woelfflini
924 1837 969 1870 de
992 1838 1230 1880 geminatione
1252 1837 1384 1880 scripta
1408 1837 1454 1870 ab
1477 1836 1647 1870 omnibus

282 1891 541 1932 posterioribus
572 1892 762 1923 laudentur
792 1894 826 1923 et
855 1892 1044 1924 identidem
1076 1877 1259 1932 tamquam
1290 1892 1406 1924 fontes
1434 1891 1643 1924 afferantur.

318 2035 343 2066 1)
383 2035 401 2061 l.
423 2036 440 2060 1.
468 2042 531 2068 pag.
558 2034 613 2060 427
640 2034 757 2061 brevius
782 2042 871 2068 quam
898 2035 1065 2062 accuratius
1088 2035 1201 2061 scribit:
1229 2032 1333 2062 ‘Wenn
1354 2035 1401 2061 die
1422 2034 1569 2061 Rhetoren
1589 2042 1645 2061 von

281 2082 332 2108 der
351 2080 543 2108 Gemination
563 2081 607 2107 als
626 2080 709 2108 einer
727 2080 884 2116 Redefigur
902 2081 1053 2116 sprechen,
1073 2089 1105 2108 so
1124 2081 1241 2109 denken
1262 2081 1304 2108 sie
1324 2089 1361 2108 an
1381 2080 1447 2108 eine
1460 2080 1645 2108 Ausdrucks-

282 2129 377 2162 weise,
398 2128 509 2155 welche
536 2127 680 2154 zwiscben
708 2128 763 2154 den
792 2128 893 2155 beiden
916 2128 1127 2156 wiederholtcn
1150 2128 1287 2155 Wbrtern
1308 2128 1394 2155 keine
1413 2126 1525 2162 Copula
1543 2127 1574 2154 in
1594 2127 1649 2154 der

280 2175 364 2202 Mitte
383 2175 487 2202 duldet
507 2175 567 2202 und
588 2175 645 2202 den
666 2173 737 2201 Sinn
758 2175 839 2202 einer
859 2175 1071 2211 Bekriiftigung
1092 2175 1161 2203 hat'.

315 2221 341 2253 2)
381 2222 477 2249 Etiam
512 2221 565 2248 vi'ri
595 2221 672 2249 docti
699 2221 787 2249 huius
811 2222 917 2249 aetatis
944 2223 1026 2249 velut
1052 2222 1084 2249 Ο.
1113 2222 1219 2257 Weise‚
1246 2222 1298 2249 Die
1325 2221 1578 2257 Wortdoppelung
1602 2221 1644 2248 im

282 2269 457 2301 Deutschen,
484 2269 624 2296 zeitschr.
650 2269 669 2295 f.
690 2269 830 2296 deutsche
851 2269 1105 2305 Worfforschung,
1126 2270 1151 2296 11
1171 2268 1270 2303 (1902)
1290 2278 1316 2304 p.
1337 2270 1363 2303 8,
1382 2269 1437 2303 s.f.‚
1456 2268 1644 2296 Gemination

278 2324 342 2350 opp.
363 2316 607 2351 Reduplikation3
628 2319 659 2342 et
678 2316 701 2342 J.
725 2315 756 2342 H.
777 2315 910 2342 Schmalz
930 2317 959 2343 in
979 2315 1220 2350 Stolz-Sehmalz,
1240 2316 1424 2343 Lateinische
1444 2313 1646 2343 Grammatik4

278 2360 377 2394 (1910)
396 2370 460 2397 pag.
479 2361 549 2389 670:
577 2360 775 2388 ‘Gemination
797 2366 890 2389 nennt
910 2371 978 2389 man
999 2363 1045 2389 die
1068 2362 1278 2389 unmittelbare
1300 2362 1534 2396 Wiederholung
1552 2361 1644 2388 eben-

277 2408 444 2435 dessselben
466 2408 602 2436 Wortes'.
