1932 3121
930 257 974 292 96

260 359 419 393 oblocuti
443 362 541 402 sunt,
567 369 789 402 quamquem
812 361 961 404 frustra,
988 371 1071 395 nam
1094 362 1131 395 in
1155 361 1397 404 disputatione
1418 361 1464 396 de
1477 362 1635 412 gemina-

263 413 360 446 tione
393 414 430 446 in
465 413 590 456 lingua
625 414 752 448 Latina
787 415 942 449 triennio
975 417 1056 458 post
1089 414 1182 449 edita
1215 415 1271 449 W.
1304 415 1399 460 idem
1429 415 1578 458 protulit
1587 415 1630 459 1).

264 467 368 500 Anno
400 466 486 500 1903
512 467 737 511 Hultenberg
759 469 905 511 negavit
927 469 1200 531 geminationem
1223 469 1260 502 in
1281 458 1418 512 linguis
1441 469 1634 525 romenicls

262 530 283 553 e
306 521 429 563 lingua
453 521 631 555 Hebraica
654 531 735 556 esse
745 521 789 565 2).
868 556 869 559 ,

311 574 382 608 Sed
405 577 440 608 et
462 585 503 609 ea
526 585 620 618 quae
642 576 870 611 Woelfflinus
893 579 938 611 de
959 579 1088 612 elativo
1106 579 1142 612 in
1160 566 1337 612 Hebraica
1351 578 1634 620 lingua-scripsit

261 629 352 662 satis
383 630 489 663 certis
519 630 764 664 fundamentis
798 641 871 665 non
902 632 1068 666 nituntur
1098 642 1162 666 nec
1193 632 1307 675 magis
1333 641 1474 676 causae,
1500 632 1634 675 quibus

263 684 459 727 perductus
492 685 663 719 elativum
697 695 805 728 quem
840 687 937 730 apud
971 687 1162 730 scriptores
1197 687 1451 721 ecclesiasticos
1481 679 1633 730 legimus

259 748 283 772 e
315 740 438 782 lingua
474 739 651 774 Hebraica
685 740 916 784 desumptum
951 751 1030 775 esse
1063 742 1213 783 putavit.
1249 741 1340 774 Nam
1369 750 1436 775 cur
1465 742 1633 783 putemus

259 793 430 826 elativum
463 802 536 826 non
567 803 612 826 ex
642 794 722 836 ipsa
755 795 882 828 Latina
911 795 1034 837 lingua
1057 795 1120 828 sed
1143 805 1188 828 ex
1210 796 1278 828 alia
1301 795 1531 837 desumptum
1549 801 1634 828 esse

263 846 360 879 nulla
395 856 505 880 causa
536 848 602 890 est,
637 857 720 881 cum
751 848 822 882 iam
854 849 1026 882 nonnulla
1056 849 1216 892 exempla
1247 852 1448 891 occurrant,
1482 849 1632 889 Plautus

263 901 392 934 Bacch.
438 901 504 934 814
553 912 562 934 ε
610 901 644 935 Ο
685 902 803 937 stulte
843 895 969 944 stulte,
1019 903 1148 936 Bacch.
1193 903 1276 936 323:
1325 903 1459 937 Verum
1501 912 1632 937 verum

262 956 392 996 nescio,
431 955 579 993 Quintil.
617 956 706 989 decl.
741 957 838 999 mai„
875 957 961 990 decl.
1002 957 1042 990 14
1079 955 1102 1000 ἓ
1138 959 1158 990 4
1199 956 1291 993 bene
1323 957 1414 992 bene
1446 954 1628 1000 admones,

260 1010 373 1052 dolor,
409 1020 454 1043 ne
484 1010 600 1044 dicam
632 1011 677 1044 de
710 1012 895 1053 permultis
926 1012 1226 1054 geminationibus
1257 1013 1354 1046 velut
1384 1021 1487 1046 nunc
1515 1021 1628 1054 nune,

262 1063 344 1097 iam
379 1063 472 1106 iam,
510 1063 566 1098 sic
599 1063 665 1110 sie,
707 1065 863 1099 tandem
898 1065 1066 1107 tandem,
1101 1064 1264 1100 minime
1297 1065 1459 1100 minime
1488 1067 1522 1099 et
1552 1059 1645 1099 aliis'

262 1118 519 1152 huiuscemodi.

260 1287 334 1314 sein.
362 1287 420 1313 Der
446 1286 575 1314 Einssuss
602 1287 654 1314 der
680 1287 919 1314 hebraisirenden
940 1286 1067 1322 Vulgata
1086 1287 1141 1314 aul·
1157 1287 1210 1314 das
1229 1287 1522 1323 Vulgflrlateinische,
1542 1287 1630 1316 bezw.

207 1333 211 1338 '
260 1334 457 1361 Romnuische
483 1334 522 1360 ist
545 1334 578 1368 ja
602 1341 676 1368 ganz
702 1334 780 1360 ohne
806 1334 921 1361 Zweit'el
947 1334 996 1360 ein
1022 1334 1091 1360 sehr
1111 1333 1312 1367 bedeutender
1330 1342 1477 1368 gewesen,
1495 1334 1637 1362 dennoeh‘

260 1379 331 1407 aber
357 1380 474 1407 scheint
499 1388 531 1407 es
557 1379 694 1415 geboten,
714 1380 761 1407 die
784 1379 1005 1415 Uebertmgung
1024 1388 1080 1407 von
1100 1379 1294 1408 Hebraismen
1312 1379 1343 1407 in
1364 1380 1416 1408 das
1436 1379 1630 1409 Romanische

260 1435 318 1454 nur
343 1427 419 1454 eben
447 1427 525 1453 dann
547 1427 766 1461 anzunehmen,
786 1435 871 1454 wenn
891 1426 1008 1454 absolut
1028 1427 1115 1454 keine
1134 1427 1243 1454 andere
1264 1427 1430 1463 Erkliirung
1448 1427 1509 1455 sich
1529 1427 1630 1456 bietet.

261 1474 329 1500 Dies
355 1473 426 1500 aber
451 1475 490 1500 ist
517 1474 582 1500 hier
609 1475 693 1500 nicht
718 1474 769 1500 der
791 1474 861 1507 Fau,
883 1475 959 1501 denn
979 1474 1027 1501 die
1046 1474 1213 1509 steigernde
1232 1473 1458 1509 Vardoppelung
1476 1474 1549 1502 liisst
1567 1475 1629 1502 sich

259 1520 329 1547 sehr
355 1524 410 1555 gut
429 1521 473 1547 als
497 1520 547 1547 ein
573 1521 721 1547 natfirlich
747 1520 974 1555 naheliegender
993 1520 1055 1547 und
1074 1520 1168 1548 daher
1185 1521 1226 1548 im
1248 1520 1554 1557 Vulgfirlateinischen
1574 1522 1630 1549 wie
1668 1525 1670 1527 “

259 1566 290 1593 in
311 1567 422 1594 andern
444 1566 596 1600 Sprachen
615 1570 740 1600 spontan
760 1567 972 1593 entstandener
990 1567 1110 1594 Prozess
1128 1567 1285 1594 aussassen.

296 1612 322 1645 1)
362 1613 403 1639 De
424 1613 521 1640 verbis
540 1613 664 1640 Ulrichii
684 1613 745 1646 ipse
764 1612 809 1640 W.
827 1621 851 1646 p.
870 1611 924 1639 424
939 1613 1011 1640 haec
1025 1612 1154 1647 scripsit:
1174 1613 1260 1646 „eine
1273 1613 1303 1639 in
1317 1613 1398 1640 ihrer
1412 1613 1631 1648 Algemeinheit

259 1659 357 1687 nichts
376 1659 507 1695 sagende
527 1658 742 1694 Bemerkung'’.
764 1659 804 1686 De
824 1659 920 1687 verbis
940 1659 1104 1694 Koertingii
1123 1659 1244 1686 omnino
1263 1662 1352 1687 tacet.

295 1706 322 1741 2)
361 1707 447 1742 Hugo
467 1706 661 1740 Hultenberg,
681 1707 748 1734 diss.
769 1707 875 1741 Upsala
893 1706 977 1741 1903,
997 1707 1036 1734 Le
1057 1707 1275 1734 renforcement
1293 1707 1333 1733 du
1348 1714 1416 1734 sens
1429 1707 1481 1734 des
1494 1707 1629 1743 adiectifs

255 1758 313 1782 etc.
334 1754 409 1781 dans
429 1754 471 1781 les
490 1754 617 1788 langues
636 1753 781 1781 Romanes
801 1762 826 1788 p.
846 1752 883 1780 19
902 1754 939 1780 al.
959 1753 992 1780 2:
1013 1753 1117 1785 Quand
1138 1752 1156 1780 a
1175 1754 1204 1780 la
1223 1754 1362 1788 question
1381 1753 1418 1780 de
1434 1754 1531 1782 saveir
1543 1755 1628 1789 quels

258 1805 327 1829 sont
351 1802 395 1829 les
420 1801 553 1829 facteurs
579 1801 630 1836 qui
657 1804 708 1828 ont
729 1800 834 1829 amene'
855 1801 929 1828 dans
947 1800 1093 1828 certaines
1112 1801 1237 1835 langues
1257 1808 1298 1828 un
1319 1800 1427 1836 emploi
1447 1800 1567 1836 general
1587 1802 1626 1829 du

258 1848 495 1882 redoublement‚
527 1838 567 1882 je‘
592 1848 665 1875 crois
700 1848 788 1883 qu'on
818 1848 860 1875 les
889 1847 1050 1875 cherchera
1077 1855 1114 1874 en
1145 1847 1211 1877 vain
1241 1847 1315 1875 dans
1343 1848 1387 1875 les
1414 1848 1629 1876 eireonstances

257 1895 442 1923 exterieures
467 1897 498 1921 et
525 1894 710 1929 historiques.
736 1894 767 1922 Si
794 1902 852 1921 une
872 1895 1030 1922 recherche
1050 1894 1130 1922 aussi
1149 1893 1268 1922 difficile
1288 1897 1359 1930 peut
1378 1895 1442 1923 etre
1460 1895 1628 1930 poursuivie

257 1950 328 1970 avec
356 1942 488 1977 quelque
508 1941 590 1975 fruit,
610 1949 642 1968 ce
661 1949 725 1968 sera
745 1941 818 1968 dans
837 1942 880 1969 les
899 1941 1064 1969 conditione
1083 1941 1119 1968 de
1139 1940 1356 1976 temperament
1374 1944 1406 1970 et
1424 1942 1460 1969 de
1479 1941 1627 1970 caractere

258 1990 309 2016 des
338 1990 460 2024 peuples
488 1988 562 2022 qu'il
590 1988 694 2015 fnudra
722 1997 758 2015 en
787 1989 929 2016 chercher
958 1988 1165 2022 l'explication.
1195 1988 1218 2015 11
1247 1988 1372 2016 s'ensuit
1400 1989 1436 2016 de
1461 1987 1491 2015 Ιῦ,
1515 1996 1575 2023 que
1598 1989 1627 2024 je
1656 2024 1661 2029 Ι

258 2044 278 2063 ιι
280 2036 410 2063 attache
436 2035 528 2069 gnere
548 2035 574 2061 d
577 2035 756 2068 importance
776 2035 793 2062 ἐι
813 2036 842 2062 la
861 2035 975 2063 theorie
995 2035 1030 2062 de
1052 2034 1192 2068 Ἣὸῐῆῖἰιι,
1212 2034 1327 2069 ᾱάρτὸς
1346 2034 1475 2069 laquelle
1495 2035 1627 2070 ναι-,εἰπε

256 2083 298 2109 du
325 2074 551 2109 redoublement
570 2089 606 2108 en
627 2082 657 2108 it.
678 2083 768 2109 serait
788 2082 844 2109 due
865 2091 882 2109 a
902 2082 1070 2109 l'inssuence
1091 2082 1130 2109 du
1151 2082 1226 2109 latin
1247 2082 1283 2108 de
1302 2081 1424 2117 reglise,
1443 2081 1590 2110 inssuence
1609 2082 1628 2109 a

257 2137 310 2156 son
330 2132 400 2155 tour
419 2136 471 2163 par
490 2127 631 2155 l'hebreu.
652 2128 816 2163 D'ailleurs‚
836 2128 1000 2156 l‘assertion
1022 2127 1156 2163 alleguee
1175 2127 1194 2155 ὲ.
1213 2127 1323 2163 l'appui
1343 2128 1379 2155 de
1398 2130 1476 2155 cette
1496 2128 1626 2156 maniere

256 2176 294 2202 de
314 2176 412 2210 parler
431 2182 469 2201 ne
488 2174 691 2202 sobserverait
710 2183 762 2209 pas
781 2175 854 2202 dans
874 2177 916 2202 les
935 2177 1037 2202 autres
1057 2176 1181 2210 langues
1201 2182 1345 2209 romaneS,
1361 2174 1438 2203 neat
1449 2182 1506 2209 pac
1518 2174 1628 2209 sonde'e

257 2231 312 2250 sur
333 2222 374 2249 les
395 2222 479 2256 fails.
500 2221 577 2249 Haec
596 2225 730 2257 spectant
748 2223 783 2249 ad
804 2230 840 2249 ea
858 2230 935 2257 quae
956 2222 1001 2250 W.
1018 2222 1173 2257 scripserat
1186 2230 1213 2257 p.
1228 2220 1283 2249 490
1296 2222 1314 2249 i.
1330 2221 1368 2249 f.:
1385 2221 1422 2249 Es
1436 2221 1500 2249 hiilt
1510 2221 1625 2250 freilich

257 2270 372 2297 schwer
398 2277 433 2295 zu
459 2268 589 2304 glauben
612 2269 677 2296 dass
697 2269 748 2296 das
768 2269 953 2297 Lateinische
973 2269 1020 2297 die
1040 2269 1275 2303 Wiederholung
1293 2269 1346 2296 der
1364 2268 1447 2296 einer
1466 2267 1625 2296 Gradation

255 2316 377 2351 tiihigen
405 2315 507 2343 Worte
533 2316 608 2342 auch
636 2324 693 2343 nur
718 2316 748 2343 in
775 2316 948 2343 anniihernd
967 2316 1137 2343 iihnlichem
1159 2315 1305 2351 Umfange
1324 2315 1457 2350 gekannt
1475 2314 1551 2342 habe
1570 2315 1626 2343 wie

256 2364 309 2391 das
335 2362 538 2396 ltalienische;
563 2362 642 2389 ‘deun
669 2363 779 2390 einmal
807 2364 920 2390 miisste
940 2371 1006 2397 uns,
1024 2363 1100 2390 auch
1121 2371 1208 2390 wenn
1228 2362 1275 2389 die
1295 2362 1539 2390 Audrucksweise
1557 2361 1625 2390 dem

257 2411 390 2438 hoheren
418 2408 492 2436 Stile
518 2409 619 2443 fehlte,
645 2410 691 2436 die
719 2410 956 2444 Briessitterntur,
982 2410 1035 2436 der
1061 2409 1185 2447 Roman,
1210 2409 1257 2436 die
1283 2409 1390 2444 Satire,
1409 2408 1456 2436 die
1475 2408 1626 2444 Kombdie,

255 2459 309 2485 das
336 2456 558 2484 Kirchenlatein
586 2457 671 2484 mehr
697 2457 839 2492 Bcispiele
865 2458 958 2484 davon
986 2458 1123 2484 erhalten
1150 2457 1254 2491 haben,
1280 2457 1344 2484 und
1367 2456 1534 2485 dunstane
1552 2463 1626 2484 man

255 2505 334 2532 auch
365 2504 421 2531 das
453 2503 547 2530 Recht
579 2504 776 2531 zahlreichere
812 2504 982 2532 Ueberreste
1016 2505 1061 2531 im
1085 2502 1273 2538 Spaniechen
1298 2503 1363 2530 und
1389 2502 1626 2530 anzdsioehen

256 2561 292 2579 zu
320 2554 480 2585 ermanno,
508 2554 538 2578 et
566 2558 642 2586 quae
671 2551 730 2578 iam
759 2551 881 2579 laudata
908 2553 980 2578 sunt
1009 2559 1035 2585 p.
1063 2548 1114 2577 03:
1151 2549 1383 2578 Warscheinlich
1412 2548 1484 2577 aber
1510 2549 1550 2577 ist
1576 2549 1624 2577 ein

250 2598 515 2633 Zusammenhang
541 2598 596 2625 mit
618 2597 718 2632 jenem
744 2598 935 2626 christlichen
963 2597 1066 2625 Lateiu
1093 2598 1183 2625 sehon
1210 2597 1373 2632 deswegen,
1397 2595 1463 2624 weil
1483 2596 1529 2623 die.
1548 2596 1625 2623 Aus-

255 2646 453 2674 drucksweise
473 2645 503 2672 in
524 2645 570 2671 die
590 2645 701 2671 andern
723 2645 928 2673 romanischen
948 2644 1096 2679 Sprachen
1118 2644 1201 2672 nicht
1221 2644 1446 2679 liber-gegangen
1465 2642 1513 2670 ist.

1878 320 1881 330 ;
1890 319 1921 334 3333
