1932 3121
892 282 935 316 83

234 392 395 426 nutivam
418 399 491 423 non
515 387 658 430 accepit,
685 396 905 435 quamquam
924 396 960 428 p.
977 385 1044 419 638
1058 385 1103 418 de
1119 385 1314 418 variatione
1330 386 1386 418 vel
1402 386 1597 419 mutatione

234 444 470 489 geminatione
491 442 616 476 effecta
638 441 721 485 egit,
747 441 792 473 de
814 449 886 482 qua
909 439 1004 472 intra
1027 448 1143 482 agam.

277 500 354 533 Van
378 497 562 532 Ginneken
586 496 623 528 in
646 496 738 528 libro
760 504 828 528 suo
850 494 1024 528 acuminis
1046 496 1081 527 et
1101 493 1204 527 liberi
1226 493 1347 526 iudicii
1370 494 1474 535 pleno
1489 496 1597 537 atque
1632 522 1635 525 ,

233 553 347 596 lepide
377 551 509 593 scripto
532 552 588 583 sat
609 549 732 582 multis
757 549 843 581 locis
866 548 911 581 de
933 548 1170 590 geminatione
1191 541 1289 590 agit,¹
1303 548 1510 589 praesertim
1534 549 1597 581 ubi

235 605 517 648 semasiologiam
548 605 687 645 tractat,
723 602 784 636 sed
815 603 921 636 etiam
949 602 1093 644 saepius
1115 602 1178 635 ubi
1201 602 1246 635 de
1267 604 1414 635 accentu
1438 602 1598 645 disputat

234 664 269 695 et
289 660 384 694 alibi.
411 659 510 692 Idem
534 667 606 690 non
629 657 821 699 separatim
843 657 888 690 de
910 657 1147 699 geminatione
1169 657 1347 699 plurativa
1372 657 1505 698 scribit,
1533 658 1596 690 sed

234 716 320 749 dum
351 713 374 758 ἕ
398 713 461 747 651
487 721 566 754 sqq.
593 711 734 754 copiose
756 711 908 754 explicat
931 711 1004 744 vim
1026 711 1280 744 affirmativam
1304 713 1338 744 et
1360 712 1596 753 emphaticam

235 779 327 811 quae
341 769 378 802 in
394 768 632 810 geminatione
646 767 750 807 inest,
769 766 918 804 eandem
930 766 1036 799 etiam
1047 766 1194 799 inertiae
1205 766 1333 799 mentis
1345 763 1597 808 exprimendae

234 824 410 856 inservire
439 821 575 854 iudicat
604 819 626 864 ξ
659 820 724 853 650
747 822 781 852 et
807 818 829 863 ἓ
860 819 937 858 657,
962 823 997 853 et
1022 820 1044 863 ξ
1068 819 1133 853 423
1157 820 1215 852 al.-
1228 821 1249 852 3
1272 821 1452 862 expressis
1477 821 1596 854 verbis

235 877 390 911 Pettium
415 876 486 909 vim
509 875 766 908 deminutivam
789 874 1018 916 geminationi
1041 874 1302 908 adiudicantem
1325 875 1448 908 laudat
1459 875 1503 918 1).

280 932 430 964 Frustra
464 930 501 961 in
535 931 689 969 utroque
722 928 814 961 libro
848 928 1019 970 quaesivi,
1058 928 1118 961 ubi
1153 928 1283 961 diserte
1316 929 1403 962 haec
1436 929 1596 962 definitio

235 983 486 1028 geminationis
517 983 713 1025 legeretur:
745 983 783 1015 in
813 983 1050 1025 geminatione
1079 984 1133 1015 est
1162 983 1378 1016 asseveratio
1402 983 1498 1016 vocis
1523 993 1594 1016 non

235 1038 445 1081 geminatae.
490 1037 605 1069 Immo
640 1046 710 1069 van
746 1036 930 1070 Ginneken
964 1037 1127 1069 inertiam
1161 1037 1398 1079 geminatione
1431 1038 1595 1070 effectam

235 1092 398 1134 admittit,
444 1091 636 1124 Wundtius
676 1091 721 1123 de
763 1092 958 1124 variatione
998 1091 1235 1133 geminatione
1274 1091 1399 1124 effecta
1437 1091 1595 1132 loquitur

235 1150 343 1188 atque
384 1146 488 1193 etiam
531 1145 741 1178 sententiam
783 1155 897 1178 meam
938 1145 1150 1187 impugnare
1183 1145 1323 1178 videtur
1338 1146 1380 1187 2),
1419 1146 1594 1187 siquidem

235 1204 359 1234 contra
382 1200 647 1234 Gabelentzium
670 1199 824 1241 disserit,
851 1200 912 1241 qui
935 1200 972 1232 in
996 1199 1294 1242 geminationibus
1313 1200 1487 1233 eiusmodi
1503 1210 1596 1242 quae

237 1253 745 1297 „Wurzelwiederholungen”
777 1253 956 1296 dicuntur,
987 1254 1214 1296 principalem
1239 1254 1534 1296 significationem
1557 1256 1593 1287 in

237 1319 322 1343 voce
365 1318 436 1342 non
480 1309 657 1351 geminata
698 1317 833 1350 ponere·
863 1309 990 1350 mallet,
1029 1317 1247 1350 quamquam
1283 1318 1354 1341 non
1389 1307 1608 1351 negandum'

177 1389 181 1392 .
237 1364 446 1396 Wundtium
477 1363 563 1396 haec
593 1363 709 1395 dicere
738 1363 783 1396 de
812 1363 1109 1405 geminationibus
1139 1363 1208 1395 illis
1234 1363 1412 1404 obsoletis,
1440 1373 1594 1404 quarum

235 1421 355 1460 partes
386 1427 457 1450 non
489 1417 687 1460 geminatae
717 1427 789 1450 non
820 1427 883 1459 per
906 1427 945 1450 se
967 1419 1088 1450 extant
1110 1419 1144 1450 et
1167 1417 1250 1449 olim
1273 1417 1432 1450 extitisse
1454 1419 1594 1450 tantum

236 1473 392 1505 coniectu
397 1482 436 1504 ra
460 1474 678 1504 statuuntur.

283 1526 474 1559 Sententiis
492 1526 651 1558 virorum
667 1525 945 1558 clarissimorum
962 1525 1147 1566 perpensis
1164 1534 1234 1556 non
1248 1525 1380 1557 desisto
1391 1525 1595 1558 existimare

236 1580 589 1622 geminationem
633 1588 808 1621 semper
848 1579 1031 1612 eandem
1074 1579 1297 1611 rationem
1332 1579 1594 1621 psychicum

235 1634 480 1667 ostendere
521 1643 570 1666 sc.
616 1634 1008 1666 asseverationem
1047 1633 1145 1665 voci
1161 1642 1179 1665 s
1219 1642 1305 1665 non
1340 1633 1595 1674 geminatae

238 1687 329 1729 (sive
361 1688 542 1719 extensive
576 1687 651 1718 sive
683 1686 869 1727 intensive,
907 1687 982 1718 sive
1016 1686 1248 1727 quantitatem
1283 1687 1358 1718 sive
1388 1687 1594 1727 qualitatem

235 1740 480 1784 exprimentis)
513 1743 621 1783 atque
649 1741 720 1773 iam
752 1740 1046 1783 significationem
1074 1740 1321 1783 geminationis
1351 1741 1468 1774 inesse
1490 1741 1527 1773 in
1550 1741 1594 1774 iis

236 1805 328 1837 quae
351 1796 382 1829 is
405 1796 467 1837 qui
489 1796 646 1837 loquitur
669 1803 754 1828 voce
777 1805 848 1828 non
872 1796 1048 1837 geminata
1073 1795 1276 1837 significare
1295 1795 1455 1837 voluerit,
1475 1796 1595 1837 itaque

236 1850 508 1892 geminationem
542 1849 655 1891 ipsam
692 1849 779 1881 nihil
813 1849 896 1881 novi
931 1849 1026 1890 quod
1060 1849 1106 1881 ad
1141 1858 1286 1881 sensum
1318 1850 1442 1882 attinet
1464 1850 1595 1882 addere

205 1908 208 1912 '
236 1914 352 1946 neque
382 1903 483 1948 χάριν
514 1905 569 1936 vel
598 1904 752 1945 leporem
783 1913 898 1944 neque
928 1903 1215 1944 misericordiam,
1248 1906 1297 1946 ut·
1318 1906 1453 1936 veteres
1477 1913 1593 1945 gram-

237 2061 383 2089 Mehrheit
408 2069 464 2088 von
490 2061 716 2096 Gegenstiinden
742 2061 781 2087 ist
803 2060 1024 2088 warscheinlieh
1044 2061 1202 2096 durchweg
1221 2061 1267 2087 die
1287 2060 1510 2096 Reduplication
1529 2062 1595 2089 eine

197 2104 200 2106 ’
236 2109 398 2137 secundare
417 2108 627 2143 Erscheinung.
648 2108 710 2135 Lat.
730 2116 865 2135 mamma
885 2108 933 2141 (fr.
952 2107 1104 2141 mameue)
1123 2108 1161 2135 ist
1181 2115 1234 2135 aus
1253 2106 1397 2135 *madma
1412 2107 1460 2142 (zu
1475 2109 1596 2143 madeo)

236 2155 424 2189 entstanden,
451 2146 543 2182 ivobei
568 2163 636 2182 -ma
651 2144 753 2182 'Suffix
771 2155 810 2181 ist
829 2158 884 2181 cet.
910 2155 946 2181 Es
965 2154 1080 2181 scheint
1098 2155 1199 2185 daher.
1219 2155 1286 2181 dass
1304 2155 1351 2181 die
1371 2154 1596 2189 Reduplication

237 2211 289 2229 zur
320 2201 526 2237 Bezeiehnung
558 2202 640 2228 einer
668 2201 807 2228 Zweiheit
831 2201 902 2228 oder
928 2201 1074 2228 Mehrheit
1099 2209 1154 2228 von
1181 2199 1407 2236 Gegcnstiinden
1434 2202 1489 2228 aut*
1511 2202 1596 2229 indo-

236 2249 471 2285 germanischem
505 2248 610 2276 Gebiet
643 2249 811 2283 iiberhaupt
844 2249 888 2275 als
923 2249 1048 2283 primiire
1080 2248 1282 2282 Erscheinung
1310 2249 1393 2275 nicht
1420 2249 1596 2277 vorkommt.

237 2295 303 2323 Ed.3
327 2296 349 2330 1,
368 2295 395 2329 1,
414 2304 440 2330 p.
459 2294 529 2322 636:
558 2295 619 2322 Viel
645 2295 806 2329 sparlicher
830 2295 869 2322 ist
894 2295 940 2321 die
970 2295 1199 2329 Wiedcrholung
1223 2295 1254 2321 in
1280 2295 1375 2322 dieser
1400 2295 1598 2332 Anwendung

236 2343 291 2370 auf
320 2341 645 2378 Gegenstandsbegriss'e
673 2342 704 2369 in
730 2342 788 2369 den
814 2341 1107 2377 indogermanischen
1134 2341 1195 2368 und
1222 2341 1412 2369 semitischen
1437 2342 1597 2378 Spraehen,

238 2390 298 2416 und
325 2397 369 2416 wo
395 2389 447 2424 sie·
462 2389 639 2422 vorkommt,
658 2389 696 2415 da
721 2389 837 2416 scheint
860 2389 902 2415 sie
927 2389 992 2416 eine
1018 2388 1193 2422 sekundiire,
1212 2388 1305 2415 durch
1326 2385 1597 2417 Lautassimilation

237 2435 307 2463 oder
325 2436 418 2463 durch
438 2435 554 2463 verbale
573 2435 735 2471 Ableitung
753 2435 946 2462 entstandene
966 2434 1170 2470 Erscheinung
1189 2443 1224 2462 zu
1244 2435 1318 2462 sein.

273 2482 299 2516 1)
337 2481 352 2517 ξ
371 2481 426 2510 423
445 2483 482 2510 al.
501 2481 534 2510 3:
562 2483 679 2517 Welnu,
705 2483 789 2510 reeds
809 2483 875 2510 Pott
895 2482 976 2510 heeft
993 2491 1030 2517 op
1048 2483 1084 2509 de
1103 2482 1308 2510 bizonderheid
1329 2491 1473 2518 gewezen,
1492 2484 1544 2511 dat
1562 2486 1597 2512 de

224 2529 437 2583 reduplicatie‚
455 2529 502 2556 die
522 2529 645 2557 meestal
665 2529 823 2563 versterkt,
842 2528 898 2559 ook
917 2537 995 2556 soms
1013 2529 1049 2555 de
1068 2529 1239 2557 beteekenis
1253 2529 1352 2564 heeft,
1355 2530 1416 2564 ‚des
1429 2530 1598 2565 Sehillerns,

224 2559 395 2610 Aehnelns‚
414 2577 460 2611 gls
488 2584 546 2603 nur
565 2576 630 2603 hier
648 2576 708 2604 und
723 2577 776 2604 her
787 2576 1024 2604 schwankenden
1037 2575 1303 2611 Herumspielens’ss
1324 2585 1378 2604 van
1394 2578 1598 2613 verzwakking

237 2624 311 2658 „wie
330 2624 383 2651 das
401 2624 542 2651 deutsche
561 2623 645 2658 -lich,
664 2624 773 2651 etwas'’
776 2645 783 2658 ,
803 2623 858 2650 bv.
878 2623 900 2650 't
918 2623 943 2650 is
963 2631 1045 2650 maar
1063 2631 1112 2650 τοο
1131 2631 1190 2658 zoo,
1209 2624 1239 2650 la
1259 2624 1288 2651 la
1307 2632 1367 2651 enz

273 2669 299 2704 2)
338 2671 355 2697 1.
376 2671 395 2697 l.
417 2670 436 2698 ί.
457 2670 483 2712 1,
502 2669 557 2697 629
576 2678 619 2705 sq.

1446 2716 1478 2746 60
