1932 3121
616 202 657 260 ἱ,

949 278 993 313 93

288 383 385 417 tione
413 383 459 417 de
487 383 625 426 origine
640 386 642 389 '
655 385 691 417 et
720 392 915 427 progressu
939 382 1189 425 geminationis
1214 382 1436 415 Woelfflinus
1460 381 1511 414 rei
1533 381 1652 414 lumen

275 446 348 481 vme
367 432 484 472 indice
505 446 577 471 non
601 438 729 481 attulit,
756 448 839 472 cum
854 438 923 471 sibi
938 447 1011 471 non
1027 438 1217 471 constaret.
1247 437 1344 470 Duas
1359 436 1454 470 enim
1469 436 1654 478 opiniones

289 491 476 537 amplexus
497 493 563 534 est,
589 494 630 525 ut
652 492 759 525 homo
781 502 870 526 suae
890 492 1028 534 aetatis,
1046 501 1151 534 quac,
1171 501 1254 525 eum
1269 492 1363 523 inter
1380 500 1419 523 se
1436 493 1650 532 pugnarent,

287 538 327 578 ei*
344 545 439 578 viam
452 546 538 578 vveri
561 545 705 578 videndi
726 545 998 579 obstruxerunt.

299 600 302 604 ’
333 598 452 633 Altera
471 599 600 633 harum
619 599 773 633 duarum
788 599 994 642 opinionum
1012 600 1099 634 haec
1115 599 1198 633 fuit:
1216 599 1408 642 geminatio
1423 600 1478 631 est
1492 598 1652 631 omnium

289 653 473 689 hominum
508 653 708 687 communis
738 663 810 686 non
841 654 950 686 unius
981 654 1096 696 gentis
1127 654 1282 696 propria.
1322 654 1420 686 Haec
1449 655 1504 686 est
1533 653 1654 694 opinio

287 707 602 750 grammaticorum
641 707 874 741 recentiorum
913 708 1026 741 nostri
1063 708 1242 751 temporis,
1278 707 1374 741 unde
1407 707 1503 740 ultro
1536 706 1653 749 colligi

234 784 237 787 »
288 763 442 804 poterat:
466 753 539 795 non
561 762 624 795 diu
647 755 900 804 inquirendum
924 771 1003 795 esse
1017 762 1062 795 de
1076 762 1213 805 origine
1228 762 1477 805 geminationis
1493 770 1513 794 e
1528 761 1651 804 lingua

291 816 426 858 latina,
464 816 527 850 sed
560 816 742 853 Romanos
776 816 869 849 hanc
903 807 1015 858 aeque
1048 816 1137 849 bene
1165 816 1372 850 adhibuisse
1402 817 1510 858 atque
1541 814 1651 848 Italos

288 870 490 912 hodiernos,
515 871 657 904 illorum
679 872 852 913 cognatos
873 870 1011 912 origine
1033 872 1067 902 et
1089 871 1220 903 similes
1243 871 1372 903 indole.
1397 870 1502 908 Quod
1519 879 1650 902 rursus

286 923 476 966 probatum
499 926 577 957 erat
599 926 655 958 sat
678 924 800 957 multis
823 924 992 966 exemplis
1015 921 1130 956 e'tota
1154 924 1340 956 Latinitate
1362 923 1552 966 congestis.

331 979 437 1013 Atera
469 979 589 1021 opinio
623 979 710 1012 haec
738 980 809 1012 est:
842 978 911 1011 nisi
941 978 1162 1021 argumentis
1192 980 1226 1011 et
1255 978 1476 1012 documentis
1506 978 1649 1020 scriptis

231 1073 233 1077 y
285 1033 469 1075 inquirere
500 1033 683 1075 debemus,
721 1042 810 1066 num
842 1042 884 1066 ea
915 1033 1006 1073 ratio
1036 1042 1108 1073 qua
1138 1032 1175 1064 in
1205 1033 1327 1074 lingua
1357 1027 1527 1066 hodierna
1558 1033 1649 1066 Itala

289 1085 466 1121 ‘elativus’
494 1087 681 1129 formatur,
707 1087 813 1121 etiam
836 1086 883 1120 ab
906 1086 1063 1129 antiquis
1087 1086 1257 1120 Romanis
1279 1086 1436 1120 adhibita
1459 1086 1516 1120 sit.
1551 1086 1649 1120 Haec

285 1143 341 1175 est
371 1142 491 1183 opinio
519 1142 831 1184 grammaticorum
856 1141 1028 1183 priorum,
1054 1149 1146 1190 quos
1169 1141 1334 1173 classicos
1357 1141 1559 1180 nominabo,
1585 1141 1647 1181 qui

286 1195 426 1229 tantum
457 1195 554 1237 quod
585 1194 757 1238 scriptum
786 1195 889 1228 nobis
912 1194 1084 1228 traditum
1107 1196 1161 1227 est
1184 1212 1227 1217 —
1249 1194 1357 1236 idque
1379 1194 1602 1237 potissimum
1626 1204 1647 1227 a

254 1266 256 1268 v
287 1250 475 1293 perpaucis
507 1250 740 1292 scriptoribus
771 1251 808 1283 in
839 1251 994 1293 angusta
1025 1251 1139 1283 aetate
1161 1266 1205 1272 —
1227 1249 1387 1291 linguam
1416 1258 1495 1282 esse
1520 1251 1667 1299 putant-

284 1305 321 1336 et
358 1312 558 1337 sermonem
597 1304 782 1346 vulgarem
818 1304 976 1345 priorum
1012 1305 1047 1336 et
1080 1303 1316 1345 posteriorum
1352 1304 1572 1347 saeculorum
1607 1306 1647 1335 ut

285 1357 459 1402 incultum
483 1358 677 1401 neglegunt
700 1358 756 1391 vel
778 1358 853 1391 fere
875 1359 952 1391 eius
975 1358 1148 1391 rationem
1172 1366 1244 1391 non
1268 1357 1411 1390 habent.

333 1411 372 1445 Si
405 1412 598 1445 nonnullos
631 1412 727 1445 locos
761 1412 1011 1463 disputationis
1046 1411 1328 1444 Woelfflinianae
1361 1411 1452 1444 inter
1487 1420 1525 1444 se
1554 1421 1645 1444 com-

286 1465 506 1508 parabimus,
522 1465 707 1508 apparebit
717 1465 896 1507 quomodo
908 1465 995 1498 haec
1007 1465 1138 1508 duplex
1152 1465 1273 1507 opinio
1285 1464 1409 1507 (quam
1424 1464 1554 1505 habere
1564 1475 1644 1497 eum

285 1521 326 1553 ut
356 1519 536 1554 hominem
563 1530 651 1554 suae
673 1520 798 1554 aetatis
820 1529 886 1563 par
908 1519 999 1562 erat)
1023 1529 1104 1553 eum
1129 1520 1369 1563 disputantem
1392 1519 1589 1553 contuderit
1601 1519 1642 1562 1),

284 1583 505 1616 quamquam
529 1574 574 1607 ad
597 1576 794 1608 extremum
819 1575 934 1617 magis
953 1575 999 1607 ad
1018 1574 1247 1608 classicorum
1266 1574 1467 1615 opinionem
1487 1574 1641 1607 inclinat.

221 1639 224 1640 ⁷
286 1628 341 1661 Ita
364 1637 583 1670 quamquam
606 1638 641 1670 p.
664 1629 729 1661 424
745 1631 780 1661 et
794 1628 861 1662 485
876 1628 960 1662 dicit
975 1628 1247 1670 geminationem
1263 1628 1425 1660 omnium
1439 1627 1642 1669 linguarum

283 1691 374 1724 esse,
412 1692 448 1724 p.
485 1682 549 1716 484
586 1692 640 1725 sq.
678 1683 858 1716 contendit
891 1682 1162 1725 geminationem
1202 1681 1440 1716 ‘intensivum’
1475 1691 1496 1715 e
1524 1682 1645 1724 lingua

286 1736 463 1769 Hebraica
486 1737 542 1770 vel
565 1737 684 1779 potius
710 1736 875 1770 Semitica
890 1738 1004 1770 ortam
1020 1746 1109 1779 esse,
1129 1737 1212 1778 quia
1228 1735 1271 1770 in
1288 1735 1430 1770 litteris
1446 1735 1646 1769 Hebraicis

278 1789 402 1833 plura
432 1790 603 1834 exempla
633 1790 814 1835 legantur
844 1791 880 1825 et
901 1789 1132 1834 praesertim
1157 1789 1252 1835 quia
1273 1789 1453 1834 repetitio
1475 1789 1644 1834 yemina-

286 1843 406 1878 tionis
436 1838 714 1879 adiectivorum
746 1845 782 1878 et
812 1843 1083 1879 adverbiorum
1110 1854 1185 1887 pro
1215 1843 1451 1888 superlativo
1476 1843 1643 1887 (elativo)

284 1897 342 1932 ibi
374 1898 502 1943 mayis
531 1898 766 1933 inveniatur,
803 1899 915 1933 Porro
945 1909 980 1942 p.
1014 1899 1080 1932 458
1110 1900 1154 1932 al.
1189 1900 1312 1933 scribit
1342 1899 1446 1933 unde
1474 1898 1578 1932 unde
1606 1908 1645 1931 se

283 1953 399 1987 iudice
420 1954 457 1987 in
481 1963 646 1988 sermone
668 1954 809 1997 vulgari
833 1963 972 1996 semper
994 1954 1173 1987 exstitisse
1193 1955 1228 1987 et
1251 1954 1437 1996 Apuleium
1457 1955 1492 1987 et
1506 1952 1642 1987 Tertul-

284 2056 441 2092 Betonung
459 2058 511 2085 des
530 2057 679 2092 Regi-isses,
699 2057 811 2085 welche
830 2057 897 2084 dem
918 2057 1082 2094 Superlativ
1095 2058 1269 2092 entspricht,
1282 2058 1338 2085 wie
1351 2058 1381 2085 in
1395 2059 1462 2085 dem
1475 2058 1643 2085 bekannten

283 2100 389 2131 Yersei
413 2103 509 2139 Heilig
534 2104 625 2139 heilig
648 2105 688 2131 ist
713 2104 765 2131 der
791 2103 864 2131 Heri·
888 2103 1088 2131 Zebaoth....
1114 2103 1349 2132 Warscheinlich
1375 2104 1445 2131 aber
1463 2105 1502 2131 ist
1519 2105 1567 2131 ein
1586 2104 1643 2131 Zu-

281 2151 498 2185 sammenhang
516 2151 572 2177 mit
587 2150 687 2185 jenem
707 2150 897 2177 christlichen
916 2149 1019 2178 Latein
1036 2150 1126 2177 sehon
1140 2150 1305 2186 daswegen,
1320 2151 1385 2177 weii
1398 2150 1445 2178 die
1459 2150 1642 2185 Ausdrucks-

283 2197 370 2225 weise
388 2197 420 2224 in
439 2196 486 2224 die
505 2197 617 2224 andern
636 2196 841 2224 romanischen
861 2188 1008 2231 spi-abban
1028 2196 1111 2223 nicht
1127 2195 1354 2233 iibergegangen
1367 2196 1432 2224 ist’'.
1452 2196 1530 2224 Haec
1542 2199 1643 2224 tamen

281 2251 351 2271 cum
377 2243 461 2271 factis
487 2251 606 2278 prorsus
631 2245 775 2278 pugnant,
800 2243 837 2270 cf.
863 2242 948 2278 Hugo
975 2242 1167 2278 Hultenberg,
1185 2243 1255 2271 diss.
1276 2243 1383 2278 Upsala
1401 2242 1488 2270 1903:
1515 2243 1555 2271 Le
1574 2252 1643 2272 ren—

282 2291 446 2323 fomement
463 2290 503 2317 du
522 2298 591 2317 sens
609 2290 661 2317 des
679 2290 815 2325 adjectifs
833 2293 864 2316 et
882 2290 934 2317 des
952 2289 1076 2317 adverbs
1095 2290 1169 2317 dans
1188 2291 1231 2317 les
1249 2291 1372 2325 langues
1391 2290 1545 2324 romanes',
1564 2299 1590 2326 p.
1607 2290 1644 2317 19

281 2337 320 2364 al.
338 2336 366 2372 2,
385 2336 474 2365 verba
490 2345 510 2364 a
529 2344 577 2365 me
596 2336 717 2364 laudata
736 2344 763 2371 p.
782 2335 820 2363 96
839 2345 867 2363 n.
886 2335 913 2364 2.

319 2383 345 2419 1)
382 2383 490 2412 Eadem
517 2384 589 2411 haec
612 2384 746 2412 confusio
765 2383 875 2411 mentis
893 2383 1023 2412 effecisse
1043 2384 1118 2411 mibi
1137 2385 1262 2418 videtur,
1281 2387 1315 2411 ut
1334 2384 1521 2412 Woelfflinus
1539 2385 1570 2413 in
1590 2386 1644 2413 hac

283 2431 481 2467 disputatione
507 2431 676 2466 saepissime
701 2438 802 2458 secum
828 2431 890 2466 ipse
915 2433 1036 2466 pugnet,
1059 2431 1096 2458 cf.
1116 2440 1143 2466 p.
1163 2431 1233 2459 426:
1258 2431 1418 2465 geminatio
1437 2434 1483 2459 est
1500 2433 1644 2459 sermonis

280 2477 421 2506 cotidiani
445 2478 596 2512 inconditi,
622 2486 650 2513 p.
675 2476 731 2505 490
755 2485 858 2505 omnes
882 2477 1098 2513 geminationes
1118 2478 1206 2514 (quas
1224 2477 1416 2506 affirmativas
1434 2481 1465 2506 et
1484 2479 1644 2507 rhetoricas

282 2525 427 2561 nominat,
450 2525 529 2553 inter
554 2533 628 2560 quas
653 2533 756 2553 omnes
780 2524 858 2560 apud
885 2524 1023 2552 Plautum
1050 2525 1155 2559 lectas)
1179 2525 1216 2553 ab
1236 2529 1298 2553 arte
1317 2526 1462 2560 profectas
1480 2534 1545 2564 esse
1564 2527 1642 2554 dicit.

281 2571 336 2611 Sicx
354 2581 381 2608 p.
407 2571 477 2599 ⁴84:
503 2571 664 2607 geminatio
690 2570 853 2599 ‘intensiva’
879 2571 1002 2599 Latinae
1021 2572 1141 2607 linguae
1162 2573 1277 2607 propria
1296 2581 1354 2600 non
1374 2576 1430 2608 est,
1449 2582 1475 2608 p.
1495 2572 1547 2600 491
1570 2573 1643 2601 Stilo

281 2611 380 2648 altiori
397 2619 558 2655 geminatio
577 2619 669 2654 deest,
689 2627 715 2654 p.
735 2619 789 2647 ⁴2⁷
808 2616 971 2655 geminatio
985 2619 1015 2647 in
1029 2628 1165 2648 sermone
1178 2620 1281 2648 altiore
1295 2623 1448 2655 poetarum
1463 2624 1494 2649 et
1507 2621 1643 2656 pedestri,

281 2674 308 2701 p.
328 2666 383 2695 480
401 2667 432 2694 in
452 2666 595 2701 precibus,
615 2669 646 2694 et
664 2667 790 2702 saepius.
810 2666 866 2694 Sed
886 2666 940 2694 viri
958 2667 1068 2694 summi
1088 2667 1176 2694 verba
1193 2667 1323 2694 cavillari
1343 2669 1419 2695 nolo.
