1932 3121
304 509 380 543 902.

304 564 380 597 903.

304 618 382 650 904.

304 671 383 704 905.

307 1117 383 1149 239.

307 1170 385 1203 240.

307 1224 384 1257 241.

308 1278 385 1310 242.

308 1332 386 1365 243.

308 1386 386 1419 244.

309 1441 388 1473 245.

310 1495 386 1528 246.

310 1549 388 1582 247.

310 1604 388 1637 248.

310 1658 388 1691 249.

311 1713 388 1746 250.

312 1768 388 1800 251.

966 267 1008 300 52

658 371 825 404 Phormio
848 370 913 404 904
940 370 1108 413 (quanta
1132 372 1323 414 quanta):

431 444 581 472 Parasitus
600 453 685 472 senes
705 446 778 472 duos
797 445 967 479 alloquitur.

432 535 1153 544 .............
1204 512 1257 545 An
1284 512 1455 545 rebamini

432 564 488 597 Me
512 575 583 597 non
608 566 644 597 id
667 565 783 598 facere
807 566 903 606 quod
928 566 1139 606 recepissem
1163 566 1300 600 semel?

432 618 544 659 Heus,
573 619 723 661 quanta
748 619 898 661 quanta
921 619 1008 651 haec
1032 628 1109 651 mea
1133 622 1328 661 paupertas
1351 623 1415 662 est,
1441 622 1559 652 tamen

432 672 557 705 Adhuc
581 674 704 705 curavi
728 682 841 705 unum
866 673 933 705 hoc
957 673 1111 714 quidem,
1139 674 1179 706 ut
1204 674 1252 706 mi
1276 677 1369 707 esset
1392 675 1494 707 fides.

774 790 951 832 Adelphoe
973 790 1039 823 248
1064 789 1202 832 (utut):

471 864 581 892 Sannio
607 865 673 892 leno
700 873 767 892 cum
794 864 870 900 Syro
890 873 973 892 servo
993 865 1135 900 loquitur,

433 912 486 946 qui
520 911 547 938 ei
582 912 757 945 persuadere
787 911 889 939 studet
918 915 951 939 ut
979 911 1134 939 dimidium

433 959 557 994 accipiat
571 959 712 994 pecuniae
725 959 843 995 (viginti
858 953 1029 994 minarum),
1043 967 1134 994 quam
1639 966 1657 990 Ι

434 1013 502 1032 erus
537 1006 613 1032 servi
642 1006 740 1032 lenoni
770 1005 857 1032 debet
885 1005 922 1032 ob
951 1006 1136 1032 meretricem

435 1051 612 1086 ademptam.
632 1051 688 1085 (Cf.
710 1051 786 1086 198).

436 1117 544 1150 SERV
549 1142 1088 1151 ..........
1140 1118 1226 1150 Vide
1250 1119 1280 1150 si
1304 1119 1391 1151 satis
1415 1119 1544 1159 placet:

434 1171 557 1203 Potius
581 1181 688 1212 quam
715 1171 837 1204 venias
861 1171 898 1204 in
922 1170 1107 1213 periclum,
1137 1170 1284 1212 Sannio,

438 1224 614 1258 Servesne
637 1235 683 1258 an
708 1226 837 1267 perdas
860 1228 986 1267 totum,
1013 1226 1197 1259 dividuom
1221 1226 1308 1259 face.

436 1279 552 1312 Minas
576 1280 694 1312 decem
720 1280 889 1312 conradet
913 1280 1087 1312 alicunde.
1114 1280 1237 1312 LENO.
1264 1280 1307 1312 Ei
1331 1280 1428 1321 mihi,

436 1333 552 1366 Etiam
577 1334 621 1366 de
644 1336 740 1366 sorte
763 1344 860 1367 nunc
885 1334 988 1367 venio
1011 1335 1047 1366 in
1071 1334 1221 1367 dubium
1247 1333 1382 1367 miser?

437 1387 550 1420 Pudet
574 1387 690 1421 nihil?
716 1388 841 1422 Omnis
865 1389 982 1422 dentis
1005 1389 1166 1422 labefecit
1189 1389 1287 1431 mihi,

439 1441 625 1475 Praeterea
649 1444 808 1485 colaphis
832 1444 936 1476 tuber
959 1445 1013 1477 est
1036 1446 1148 1477 totum
1173 1446 1300 1486 caput:

438 1496 554 1529 Etiam
578 1497 727 1539 insuper
750 1497 942 1530 defrudet?
966 1499 1153 1539 Nusquam
1179 1498 1279 1531 abeo.
1308 1497 1427 1531 SERv.
1456 1498 1500 1531 Ut
1522 1497 1632 1530 lubet:

437 1550 620 1592 Numquid
631 1552 685 1584 vis
694 1553 781 1593 quin
791 1552 914 1585 abeam
923 1551 941 1585 ’ἒ
957 1553 1076 1585 LENO.
1089 1551 1205 1585 Immo
1213 1552 1331 1585 hercle
1339 1552 1406 1585 hoc
1413 1561 1557 1593 quaeso,
1572 1551 1673 1594 Syre,

443 1604 536 1638 Utut
559 1606 645 1638 haec
669 1608 754 1639 sunt
777 1606 881 1647 facta,
908 1607 1027 1648 potius
1051 1616 1159 1648 quam
1184 1607 1264 1639 lites
1288 1615 1419 1647 sequar

438 1659 556 1692 Meum
581 1660 666 1692 mihi
691 1660 871 1702 reddatur,
899 1661 1024 1694 saltem
1048 1661 1173 1703 quanti
1196 1661 1362 1703 emptast.
1391 1659 1491 1702 Syre,

441 1714 521 1748 Scio
545 1717 578 1748 te
601 1716 751 1748 antehac
775 1725 847 1748 non
871 1725 950 1748 esse
973 1725 1081 1748 usum
1105 1715 1259 1748 amicitia
1283 1724 1377 1748 mea:

439 1769 630 1801 Memorem
655 1779 711 1801 me
733 1770 828 1802 dices
852 1779 932 1802 esse
954 1772 988 1802 et
1011 1771 1154 1811 gratum
1202 1792 1508 1801 ......

314 1899 436 1932 Animi
460 1900 574 1942 grati:

315 2211 392 2244 852.

315 2266 392 2300 853.

315 2321 393 2354 854.

316 2375 393 2408 855.

316 2429 394 2463 856.

316 2484 393 2518 857.

317 2539 393 2572 858.

317 2594 394 2627 859.

317 2651 395 2684 860.

671 1977 812 2019 Hecyra
836 1976 901 2010 856
927 1975 1102 2019 (Bacchis
1126 1973 1318 2017 Bacchis):

480 2052 652 2087 Pamphilus
677 2053 851 2080 adulescens
877 2061 945 2080 cum
972 2061 1054 2080 servo
1080 2061 1143 2086 su0‚

443 2099 549 2126 deinde
582 2107 648 2126 cum
684 2099 834 2134 Bacchide,
862 2107 938 2135 quae
968 2103 1056 2127 antea
1085 2100 1142 2127 fuit

442 2146 544 2180 amica,
563 2147 705 2182 loquitur.

442 2212 563 2244 Λυσι..
583 2212 684 2253 Egon
702 2212 764 2253 qui
781 2212 826 2244 ab
842 2222 925 2244 orco
945 2214 1122 2245 mortuom
1137 2221 1193 2244 me
1205 2210 1369 2243 reducem
1382 2209 1418 2242 in
1430 2210 1543 2243 lucem
1555 2210 1681 2243 feceris

445 2266 569 2300 Sinam
583 2267 660 2299 sine
672 2276 820 2300 munere
831 2276 851 2299 a
865 2276 921 2300 me
932 2266 1055 2300 abire?
1069 2266 1124 2299 Ab
1137 2265 1285 2298 nimium
1300 2273 1356 2297 me
1367 2263 1547 2306 ingratum
1559 2266 1677 2306 putas.

445 2320 516 2353 Sed
541 2320 751 2353 Bacchidem
775 2330 891 2353 eccam
916 2321 1019 2353 video
1043 2322 1139 2353 stare
1161 2321 1245 2352 ante
1266 2318 1413 2351 ostium:

444 2375 500 2407 Me
522 2376 684 2417 expectat
707 2375 831 2407 credo:
857 2375 974 2408 adibo.
1002 2376 1192 2407 BaccmS.
1220 2372 1337 2414 Salve,
1364 2372 1558 2414 Pamphile.

443 2431 564 2463 ΑΒΜ..
591 2429 621 2462 Ο
646 2428 814 2470 Bacchis,
842 2439 864 2462 o
888 2439 974 2463 mea
997 2426 1170 2469 Bacchis,
1198 2427 1373 2460 servatrix
1396 2425 1491 2460 mea!

445 2485 593 2518 BAccn.
611 2484 708 2517 Bene
719 2484 851 2517 factum
865 2486 898 2517 et
912 2485 1019 2526 volup
1031 2486 1096 2517 est.
1113 2483 1234 2516 ΑΒΜ..
1249 2481 1366 2514 Factis
1378 2483 1418 2514 ut
1426 2481 1568 2515 credam
1577 2480 1682 2513 facis:

443 2539 708 2581 Antiquamque
731 2538 819 2571 adeo
841 2540 939 2571 tuam
965 2539 1189 2571 venustatem
1212 2536 1362 2578 optines,

444 2594 490 2627 Ut
503 2594 677 2636 voluptati
689 2593 808 2626 obitus
821 2603 938 2627 sermo
950 2593 1094 2626 adfatus
1107 2593 1200 2632 tuos,
1216 2599 1470 2632 quoquomque
1481 2589 1680 2630 adveneris,

447 2650 594 2691 Semper
618 2649 664 2681 sit
667 2671 1090 2681 ........
