1932 3121
217 496 221 503 η
262 524 341 558 610.

262 631 341 664 611.

262 740 341 774 612.

262 848 341 883 613.

261 1206 342 1241 228.

263 1508 340 1541 727.

262 1815 341 1848 754.

264 1869 340 1901 755.

263 1922 340 1956 756.

261 2182 339 2216 600.

261 2237 340 2270 601.

261 2492 340 2526 897.

263 2546 340 2580 898.

925 280 968 313 59

621 383 730 416 Haut.
758 382 847 415 Tim.
874 382 939 416 613
965 381 1095 425 (mane
1118 381 1265 424 mane):

391 458 500 487 Servus
518 466 587 486 cum
606 465 676 486 sene
695 465 745 485 ero
764 465 818 485 suo
837 457 979 493 loquitur.

393 524 484 557 SEN.
520 524 642 558 Erras.
679 523 798 557 SERV.
832 523 927 561 Quid
957 523 1034 556 ita?
1068 523 1159 557 SEU.
1194 524 1264 556 Pro
1297 524 1501 556 Menedemo
1533 532 1630 556 nune

1254 578 1317 611 tibi
1340 587 1407 620 ego
1431 577 1629 620 respondeo

394 631 735 674 ‘Non‘emo'zxquid
759 632 872 674 ages?
906 632 1025 665 SERV.
1060 633 1189 674 Optata
1212 633 1369 674 loquere.
1405 632 1498 665 SEN.
1529 631 1627 670 Qui?

1043 678 1065 696 ⁸
1195 686 1314 720 SERV.
1342 687 1421 720 Non
1444 688 1499 719 est
1521 695 1626 728 opus.

393 740 484 774 Suu.
512 739 592 775 Non
611 750 703 783 opus
722 740 805 774 est?
832 740 951 775 SERV.
974 741 1051 774 Non
1069 742 1185 775 hercle
1198 751 1295 775 vero.
1320 741 1414 775 SEN.
1436 741 1506 780 Qui
1521 741 1624 782 istuc,

835 808 838 812 ’
1124 796 1244 829 miror.
1274 796 1393 829 SERV.
1421 796 1498 829 Iam
1522 795 1625 829 scies.

392 848 466 892 (112oe
480 864 508 882 se
522 847 724 892 interpellans).
752 848 868 884 Μάηε
890 859 1004 884 mane
1015 849 1056 893 1),
1083 850 1170 893 quid
1192 852 1246 884 est
1269 850 1366 893 quod
1389 852 1462 884 tam
1482 860 1503 884 a
1523 849 1627 884 nobis

1084 906 1242 947 graviter
1265 906 1481 947 crepuerunt
1504 904 1626 938 fores?

710 1022 909 1056 Eunuchus
932 999 998 1056 228
1022 1022 1154 1065 (attat)
1165 1033 1173 1056 :

428 1094 536 1122 Servus
561 1095 780 1123 adulescentem
806 1103 891 1123 erum
910 1104 996 1123 suum
1017 1097 1089 1124 allo-

392 1142 504 1177 quitur.

393 1207 513 1241 SERv.
542 1207 612 1241 Sed
635 1209 717 1250 quis
734 1209 790 1242 hic
805 1210 869 1251 est,
888 1209 958 1251 *qui
975 1210 1045 1243 huc
1064 1209 1206 1252 pergit?
1231 1209 1355 1252 Attat,
1374 1210 1436 1243 hie
1446 1209 1626 1259 quidemst

1265 1265 1445 1306 parasitus
1468 1264 1621 1300 Gnatho.

709 1361 908 1401 Eunuchus
933 1367 996 1400 727
1021 1367 1154 1411 (attat)
1165 1378 1173 1400 ι

390 1441 486 1469 Senex
505 1450 605 1469 secum
625 1442 765 1477 loquitur.

390 1507 504 1542 Attat
530 1508 613 1541 data
641 1508 758 1541 hercle
786 1508 893 1541 verba
922 1509 1009 1541 mihi
1037 1511 1138 1541 sunt:
1164 1509 1246 1541 vicit
1270 1509 1393 1541 vinum
1417 1509 1513 1551 quod
1537 1509 1622 1542 bibi.

709 1627 907 1660 Eunuchus
932 1626 996 1660 756
1022 1625 1154 1669 (attat)
1165 1636 1173 1658 :

428 1701 608 1729 Adulescens
636 1701 776 1728 Thaidem
804 1701 988 1728 meretricem
1014 1702 1087 1728 allo-

391 1749 502 1784 quitur.

389 1814 507 1848 ADUL.
556 1814 666 1846 Viden
690 1815 729 1846 tu
753 1813 864 1855 illum,
891 1813 1001 1846 Thais
1003 1837 1234 1855 .......

389 1868 533 1901 Militem
557 1877 677 1900 seeum
695 1867 746 1900 *ad
769 1869 803 1900 te
825 1869 979 1908 quantas
1002 1867 1121 1909 eopias
1145 1867 1348 1900 adducere?

389 1921 504 1956 Attat
514 1947 608 1956 .....
622 1922 723 1955 MER.
739 1922 832 1954 Num
844 1921 1099 1955 formidulosus
1107 1921 1254 1955 obsecro
1262 1931 1313 1963 es,
1328 1922 1376 1954 mi
1385 1921 1512 1955 homo?
1523 1946 1620 1955 .....

726 2041 892 2074 Phormio
916 2040 980 2074 600
1005 2040 1137 2083 (attat)
1147 2051 1155 2073 :

390 2118 497 2145 Servus
515 2125 615 2144 secum
636 2116 776 2152 loquitur.

392 2183 461 2216 Sed
485 2192 607 2216 eccum
631 2183 762 2224 ipsum.
788 2182 877 2220 Quis
900 2184 953 2214 est
977 2180 1150 2214 ulterior?
1172 2180 1284 2214 Attat
1308 2182 1504 2214 Phaedriae

390 2237 494 2270 Pater
519 2237 625 2270 venit.
655 2236 726 2270 Sed
749 2236 835 2278 quid
859 2236 1024 2278 pertimui
1047 2237 1165 2268 autem
1190 2235 1323 2268 belua?

727 2349 893 2382 Phormio
916 2348 980 2382 963
1006 2347 1140 2390 (attat)
1150 2358 1158 2381 :

390 2424 485 2452 Senex
504 2433 605 2452 senem
624 2425 752 2452 amicum
773 2424 941 2460 alloquitur.

393 2492 483 2526 SEN.
511 2492 693 2531 Quantum
718 2493 843 2534 potest,
871 2500 967 2524 nunc
990 2491 1278 2524 eonveniundust
1302 2492 1488 2533 Phormio,‘

391 2548 496 2580 Prius
519 2557 628 2589 quam
652 2547 820 2589 dilapidet
844 2547 986 2579 nostras
1008 2546 1155 2588 triginta
1178 2546 1295 2579 minas

300 2670 326 2704 1)
363 2674 486 2698 accentu
507 2674 622 2698 mutato
641 2674 671 2699 et
689 2671 865 2707 quantitate.
