1932 3121
953 293 992 325 71

288 398 511 431 observavit:
536 398 628 438 „aut
650 398 685 428 te
706 405 828 428 amare
850 395 980 437 cogitat
1003 397 1066 428 aut
1090 395 1163 428 tete
1183 396 1306 428 amari.
1334 395 1426 433 Quia
1453 395 1499 428 ‘te
1520 395 1652 428 amare’

291 450 504 496 ἀμφιβόλως
533 450 681 490 dixerat,
715 449 784 483 cito
814 449 934 482 intulit
963 449 1059 490 quod
1086 451 1221 483 certum
1245 451 1299 483 est
1325 449 1399 483 ‘aut
1421 451 1490 482 tete
1512 449 1651 491 amari',

290 508 326 538 et
355 505 439 547 quia
470 504 559 536 illud
593 503 650 536 ‘te'
683 503 832 544 dixerat,
866 503 934 536 hoc
962 504 1156 545 geminavit
1182 506 1217 536 et
1243 503 1334 536 ‘tete’
1359 504 1448 536 dixit
1470 505 1654 544 tamquam

291 556 593 600 significantius”.
632 557 710 589 Hoc
743 556 820 589 loco
854 556 979 589 saltem
1015 557 1175 590 Donatus
1212 556 1311 600 (nam
1342 557 1494 599 ineptias
1524 557 1654 599 prioris

292 612 405 654 partis
446 612 551 644 notae
591 609 729 653 omitto)
773 610 861 643 vidit
902 611 1173 652 geminationem
1212 611 1467 644 asseverationi
1505 611 1650 652 servire,

290 675 510 707 quamquam
534 665 601 697 hoc
622 665 699 697 loco
723 665 825 698 metri
848 673 957 697 causa
980 666 1094 706 posita
1116 674 1197 698 esse
1220 665 1370 698 videtur.

337 719 389 752 Ad
421 718 566 760 Adelph.
601 718 682 751 256:
719 718 761 751 ‘O
789 717 912 751 frater
940 717 1073 752 frater’
1104 719 1219 752 addit:
1251 728 1393 761 „unum
1425 719 1576 751 relatum
1607 719 1653 751 ad

228 808 239 812 ,
291 773 573 815 appellationem,
590 772 739 805 alterum
753 772 799 805 ad
810 772 963 805 laudem.
991 773 1036 805 Et
1047 773 1422 816 subdistinguendum,
1437 775 1478 806 ut
1490 773 1654 806 videatur

290 827 514 869 quaesivisse
543 827 629 868 quid
653 828 747 860 ultra
770 826 901 860 diceret
923 829 957 860 et
980 828 1061 869 plus
1084 828 1244 861 invenire
1266 837 1337 861 non
1362 828 1522 870 potuisse
1543 836 1652 869 quam

295 880 428 915 ‘trater’
443 880 480 914 ”.
496 881 595 919 Quae
607 881 664 914 hic
675 881 827 923 legimus
838 881 875 914 in
888 882 1094 915 memoriam
1106 884 1273 915 revocant
1284 882 1371 915 illud
1383 881 1593 920 Quintiliani
1603 880 1651 923 l):

288 936 473 978 „alterum
499 937 553 968 est
576 935 671 977 quod
694 935 837 977 indicat,
863 935 1013 968 alterum
1037 936 1134 978 quod
1156 935 1354 969 affirmat’'.
1391 936 1462 969 Sed
1484 945 1529 969 ex
1552 938 1653 977 parte

291 991 430 1022 tanturn
464 999 546 1021 vera
579 990 675 1021 sunt.
710 989 798 1022 Nam
830 999 922 1030 quae
945 990 1032 1022 dixit
1055 990 1099 1023 de
1121 990 1352 1023 haesitatione
1374 990 1529 1022 hominis
1552 989 1651 1022 refel-

291 1043 416 1076 luntur
447 1043 566 1076 verbis
597 1043 846 1085 sequentibus:
871 1053 903 1076 v.
931 1043 1051 1077 256'57
1075 1045 1191 1086 „satis
1215 1048 1310 1078 certo
1333 1045 1422 1077 scio:
1446 1044 1650 1086 Numquam

291 1098 340 1131 ita
364 1097 553 1139 magnifice
575 1098 766 1139 quicquam
789 1098 915 1139 dicam,
942 1099 977 1130 id
1003 1099 1117 1131 virtus
1140 1099 1226 1140 quin
1251 1101 1395 1141 superet
1418 1098 1520 1131 tua'’.
1565 1091 1567 1094 ⁴

336 1152 390 1185 Ad
413 1152 559 1195 Adelph.
587 1152 668 1185 630:
698 1153 788 1186 utut
809 1153 976 1195 legimus:
1008 1153 1132 1195 „‘utut
1154 1159 1230 1187 erat
1254 1153 1366 1196 gesta’
1392 1154 1458 1186 hoc
1481 1156 1551 1186 est:
1576 1153 1652 1186 sive

291 1207 404 1248 <bene
427 1206 523 1248 sive>
547 1207 639 1240 male
661 1209 760 1249 gesta
779 1209 871 1248 erat;
900 1207 962 1240 ‘ut'
980 1208 1073 1243 enim
1089 1210 1220 1241 certam
1236 1208 1441 1250 qualitatem
1458 1207 1647 1250 significat,

294 1260 399 1294 ‘utut’
424 1261 607 1303 incertam,
632 1261 737 1303 quasi
759 1261 868 1295 dicat:
892 1269 1036 1304 quoquo
1058 1262 1174 1304 modo,
1201 1257 1292 1295 male
1313 1261 1444 1295 bene''.
1475 1262 1552 1294 Hoc
1574 1262 1651 1294 loco

289 1325 335 1349 ex
365 1316 456 1349 falsa
486 1316 775 1358 interpretatione
805 1317 901 1349 vocis
931 1317 976 1350 ut
1000 1317 1037 1349 in
1061 1317 1298 1359 geminatione
1318 1317 1493 1350 incertum
1516 1316 1650 1357 aliquid

292 1370 410 1418 inesse
429 1370 547 1412 efficit,
571 1379 654 1403 nam
669 1370 707 1402 in
723 1370 768 1403 ut
782 1371 835 1403 est
852 1370 906 1403 vis
922 1370 1107 1403 indefinita
1122 1380 1215 1412 quae
1230 1370 1382 1413 augetur
1397 1372 1431 1403 et
1447 1370 1650 1403 affirmatur

293 1424 514 1466 repetitione:
546 1425 642 1466 quod
671 1426 789 1457 tamen
820 1426 854 1457 et
884 1425 988 1457 hodie
1009 1425 1148 1467 neglegi
1171 1425 1259 1458 solet
1270 1425 1312 1467 2).
1349 1425 1465 1457 Etiam
1490 1425 1650 1458 Donatus

291 1478 403 1521 igitur
426 1488 696 1520 nonnumquam
722 1479 796 1512 veri
819 1488 963 1512 sensum
988 1479 1112 1512 habuit
1136 1479 1197 1512 sed
1221 1489 1301 1512 cum
1326 1481 1402 1512 arte
1418 1479 1649 1521 grammatica

290 1534 349 1566 sui
371 1534 541 1575 temporis
565 1533 658 1566 viam
676 1533 750 1566 veri
765 1533 967 1567 inveniendi
983 1533 1050 1566 sibi
1065 1533 1313 1576 obstruxisset,
1333 1533 1488 1566 insciens
1504 1533 1650 1566 fortuito

289 1587 326 1619 id
350 1588 580 1629 proposuisse
604 1588 756 1621 videtur.

424 1733 546 1771 Quae
577 1734 666 1765 viri
696 1733 818 1766 docti
849 1733 1156 1765 recentiorum
1187 1735 1438 1775 temporum
1468 1734 1520 1766 de

606 1827 610 1830 ¹
661 1787 970 1830 geminatione
999 1788 1275 1821 censuerint.

336 1907 438 1940 Anno
475 1906 560 1940 1882
596 1907 660 1940 Ed.
696 1906 918 1940 Woelfflinus
949 1907 985 1939 in
1016 1907 1202 1940 Academia
1234 1907 1437 1940 Monacensi
1467 1907 1512 1940 de
1541 1907 1649 1950 gemi-

291 1963 434 1995 natione
463 1962 500 1994 in
531 1962 654 2004 lingua
685 1962 811 1995 Latina
842 1962 1030 2004 disputans
1060 1961 1149 1994 dixit
1175 1962 1220 1994 de
1242 1962 1309 1995 hac
1331 1962 1539 2003 quaestione
1562 1962 1650 1995 nihil

289 2016 365 2049 fere
387 2017 512 2049 litteris
536 2016 744 2049 mandatum
767 2025 846 2049 esse
856 2015 900 2058 3).
935 2016 1048 2061 Atfert
1071 2018 1188 2049 tamen
1211 2026 1344 2058 paucas
1367 2016 1646 2059 dissertationes,

290 2071 326 2103 in
351 2070 483 2112 quibus
507 2071 707 2112 geminatio,
735 2070 974 2112 reduplicatio,
1001 2070 1148 2111 iteratio,
1175 2070 1334 2112 repetitio
1356 2071 1493 2103 ceterae
1511 2070 1652 2113 figurae

243 2130 246 2133 ”
290 2127 462 2167 cognatae
495 2127 529 2158 et
562 2125 599 2157 in
633 2125 756 2167 lingua
791 2125 915 2158 Latina
945 2127 979 2157 et
1009 2125 1046 2157 in
1077 2124 1209 2167 linguis
1239 2124 1318 2157 aliis
1348 2126 1515 2166 quamvis
1545 2120 1652 2167 saepe

291 2179 446 2217 breviter
478 2181 688 2212 tractantur.
727 2179 872 2212 Fontem
905 2178 1186 2211 vetustissimum
1217 2187 1335 2220 suum,
1370 2179 1406 2211 in
1438 2188 1511 2223 quo
1540 2179 1586 2212 de
1616 2180 1651 2212 vi

289 2235 324 2266 et
363 2243 471 2267 causa
509 2233 756 2276 geminationis
795 2233 923 2276 agitur,
962 2233 1184 2266 Woelfflinus
1218 2233 1340 2266 laudat
1374 2233 1651 2276 disputationem

240 2331 249 2338 .
291 2288 490 2321 Hermanni
528 2288 698 2330 Paldami,
739 2288 801 2330 qui
838 2288 882 2321 de
920 2288 1124 2329 repetitione
1160 2288 1196 2320 in
1236 2297 1400 2322 sermone
1437 2289 1574 2323 Graeco
1611 2300 1652 2323 ac

328 2446 353 2479 l)
392 2446 487 2474 lnstit.
507 2445 547 2473 Or
566 2447 614 2481 lx,
634 2445 660 2481 3,
680 2446 725 2474 28.

327 2493 353 2526 2)
391 2494 523 2527 Exempli
551 2502 641 2521 causa
675 2495 765 2521 affero
800 2501 877 2528 quae
905 2493 965 2528 Fay
993 2493 1027 2519 ad
1055 2493 1181 2520 Mostell.
1207 2502 1247 2521 vs.
1268 2489 1329 2521 ‘345
1354 2496 1483 2529 scripsit:
1512 2496 1654 2531 doubling

291 2539 393 2567 makes
412 2539 495 2567 Latin
516 2540 726 2575 interrogative
745 2539 907 2567 indefinite.
928 2540 969 2567 De
988 2547 1057 2567 voce
1075 2543 1109 2566 ut
1127 2540 1164 2568 cf.
1183 2540 1289 2569 Walde
1308 2542 1338 2568 in
1358 2550 1384 2569 v.

327 2585 353 2619 3)
391 2586 509 2614 Miinch.
534 2586 603 2614 Sitz.
630 2587 693 2615 Ber.
719 2586 802 2621 1882,
828 2595 854 2621 p.
880 2585 935 2613 426
960 2587 997 2613 al.
1023 2585 1055 2613 2:
1082 2585 1164 2614 ‘Eine
1189 2587 1353 2615 Litteratur
1371 2589 1445 2616 iiber
1463 2589 1543 2616 diese
1561 2589 1653 2624 Frage

292 2633 372 2667 gicht
391 2641 423 2660 es
442 2633 539 2666 nicht;
559 2633 606 2660 die
625 2633 727 2661 besten
748 2632 967 2661 Grammatiker
985 2633 1079 2668 geben
1100 2634 1148 2661 ein
1162 2635 1233 2662 oder
1247 2636 1405 2663 hochstens
1419 2637 1489 2663 zwei
1504 2637 1653 2671 Beispiele,

290 2679 365 2707 viele
384 2680 460 2707 auch
480 2680 533 2707 das
551 2680 652 2708 nieht’.
