1932 3121
969 263 1011 297 62

665 367 774 400 Haut.
802 367 891 399 Tim.
920 366 984 400 736
1010 365 1139 409 (mane
1161 364 1307 408 mane):

466 441 574 469 Servus
611 441 785 468 Bacchidem
820 440 985 476 alloquitur
1016 442 1059 469 eri
1087 441 1134 469 sui

430 488 565 521 amicam,
585 495 663 523 quae
681 496 712 515 se
729 487 878 514 abituram
891 495 956 514 esse
969 488 1083 515 minata
1095 487 1131 514 ad

430 535 558 562 alterum
575 537 749 568 amatorem,
766 533 835 561 huic
847 534 990 561 nuntium
1006 535 1133 570 perferre

430 582 568 609 ancillam
588 581 679 608 iubet.

305 646 381 680 736.
433 646 552 680 Snnv.
591 647 683 680 Perii
723 644 856 679 hercle!
893 646 1054 689 Bacchis,
1093 647 1207 681 mdne
1240 655 1355 680 mane
1369 645 1416 689 1):
1452 656 1525 688 quo
1560 646 1674 679 mittis

1385 701 1490 734 istam
1514 700 1672 742 quaeso?

304 754 380 788 737.
430 755 519 788 Iube
550 757 702 788 maneat.
739 755 805 787 ΒΑ.
840 754 869 787 Ι.
907 754 1026 787 SERV.
1062 755 1157 793 Quin
1188 757 1242 788 est
1272 756 1437 797 paratum
1466 757 1668 797 argentum.

1230 810 1295 843 BA.
1322 809 1417 848 Quin
1440 818 1507 851 ego
1529 818 1668 842 maneo.

348 932 498 965 Ratione
532 932 709 965 subducta
744 933 892 973 apparet
925 932 962 964 in
998 932 1130 965 fabulis
1166 933 1341 966 Plautinis
1371 934 1512 966 centum
1545 932 1671 974 viginti

302 989 484 1029 quattuor,
510 987 547 1019 in
572 986 794 1019 Terentianis
818 986 1199 1028 duodequinquaginta
1223 987 1479 1029 geminationes
1501 986 1666 1019 inveniri.

302 1042 401 1074 Inter
432 1050 524 1082 quas
555 1040 670 1082 recepi
701 1040 873 1081 exempla,
907 1040 1026 1081 qualia
1059 1042 1144 1072 sunt
1176 1041 1291 1082 attat,
1326 1041 1424 1082 utut,
1451 1039 1599 1082 ubiubi,
1626 1040 1673 1073 de

302 1096 435 1138 quibus
476 1095 571 1128 infra
614 1095 737 1137 paucis
780 1094 967 1136 disseram,
1009 1095 1114 1128 etiam
1158 1095 1423 1137 triplicationes,
1462 1095 1525 1128 sed
1566 1095 1670 1129 omisi

303 1149 493 1193 quisquis,
530 1150 680 1190 eiusque
713 1158 819 1182 casus
854 1149 1029 1190 obliquos.
1072 1149 1337 1182 Geminationes
1371 1149 1451 1182 illae
1486 1149 1673 1182 Plautinae

301 1204 465 1237 collectae
499 1205 584 1236 sunt
615 1213 635 1235 e
664 1203 747 1245 plus
778 1203 905 1245 viginti
936 1203 1091 1244 milibus,
1126 1203 1360 1236 Terentianae
1389 1205 1506 1236 autem
1538 1213 1558 1236 e
1587 1204 1672 1245 plus

301 1258 462 1299 quinque
495 1258 640 1290 milibus
676 1266 859 1289 versuum.
898 1257 998 1294 Quae
1031 1257 1249 1298 computatio
1285 1266 1351 1289 nos
1385 1257 1486 1289 docet
1518 1257 1671 1299 singulis

301 1311 601 1355 geminationibus
638 1311 804 1345 Plautum
839 1311 876 1344 in
909 1311 1074 1345 versibus
1105 1313 1247 1345 centum
1280 1299 1465 1355 sexaginta
1496 1311 1667 1354 quinque,

301 1367 507 1400 Terentium
529 1368 566 1399 in
591 1366 757 1399 versibus
774 1368 916 1399 centum
933 1366 1093 1407 quinque
1110 1376 1214 1399 usum
1233 1376 1323 1408 esse,
1342 1367 1464 1408 itaque
1479 1376 1668 1399 numerum

301 1422 337 1453 in
381 1421 513 1454 fabulis
556 1420 664 1453 huius
707 1421 876 1453 maiorem
914 1429 1003 1453 esse.
1050 1421 1140 1453 Inde
1174 1420 1268 1454 effici
1301 1421 1381 1454 licet
1415 1421 1452 1454 in
1487 1430 1528 1454 ea
1566 1420 1669 1463 ‘pura

300 1475 472 1509 oratione’
485 1474 528 1517 2),
567 1485 660 1516 quae
702 1475 865 1508 Terentio
907 1475 944 1507 in
983 1474 1115 1507 fabulis
1152 1475 1350 1508 scribendis
1383 1469 1555 1517 exemplo⁸
1579 1477 1665 1517 erat,

301 1531 422 1571 plures
446 1529 703 1572 geminationes
726 1531 926 1562 occurrisse
948 1539 1057 1570 quam
1082 1530 1118 1561 in
1143 1539 1184 1562 eo
1207 1539 1372 1563 sermone
1395 1539 1500 1571 quem
1518 1530 1670 1563 Plautus

300 1585 459 1617 imitatus
482 1593 562 1616 esse
584 1584 725 1616 dicitur.

346 1639 423 1671 Hoc
453 1638 583 1670 mirum
615 1641 720 1678 esset,
748 1638 777 1670 si
808 1637 928 1679 opinio
960 1639 1062 1670 vetus
1093 1639 1128 1670 et
1161 1638 1305 1680 vulgata
1338 1640 1431 1671 recte
1462 1648 1501 1671 se
1524 1638 1671 1671 haberet

301 1693 441 1726 Terenti
473 1692 591 1725 stilum
626 1692 740 1734 magis
770 1692 997 1734 rhetoricum,
1025 1694 1065 1725 ut
1089 1693 1200 1734 aiunt,
1227 1702 1307 1726 esse
1330 1693 1517 1735 magisque
1540 1693 1610 1726 vim
1634 1695 1669 1726 et

300 1749 509 1789 potestatem
540 1747 685 1788 linguae
716 1747 871 1780 Graecae
901 1756 1049 1788 passum
1080 1756 1160 1780 esse
1190 1757 1298 1788 quam
1331 1747 1457 1780 Plauti.
1493 1747 1668 1789 Equidem

301 1802 464 1844 suspicor
495 1802 699 1834 Terentium
731 1802 879 1843 propius
910 1802 1104 1835 accessisse
1134 1802 1179 1835 ad
1212 1811 1412 1835 sermonem
1436 1802 1665 1844 cotidianum,

301 1858 331 1889 si
355 1866 427 1889 non
452 1856 574 1897 plebis,
602 1859 637 1888 at
657 1859 775 1888 tamen
796 1856 981 1888 hominum
998 1856 1177 1889 lautorum
1195 1858 1303 1898 atque
1317 1856 1551 1898 urbanorum,
1571 1856 1668 1889 velut

303 1910 479 1952 Scipionis
501 1910 649 1951 eiusque
672 1910 867 1943 amicorum
880 1910 923 1952 3),
951 1911 1119 1952 quoniam
1144 1911 1304 1943 omnium
1327 1919 1506 1944 consensu
1529 1912 1668 1944 constat

299 1964 556 2007 geminationes
585 1965 727 2006 saepius
758 1958 919 1997 adhiberi
943 1965 979 1997 in
1005 1974 1169 1997 sermone
1192 1964 1370 1998 cotidiano
1394 1974 1501 2006 quam
1525 1964 1562 1997 in
1586 1965 1669 1998 stilo

298 2019 452 2061 eleganti
482 2020 516 2050 et
547 2018 749 2059 artificiosa,
776 2020 810 2051 et
838 2019 1004 2051 Plautum
1029 2029 1101 2051 non
1125 2019 1246 2052 minus
1269 2018 1460 2052 artificiose
1470 2018 1500 2061 4)
1525 2019 1669 2052 fabulas

299 2082 387 2106 suas
418 2074 685 2114 componentem
717 2073 838 2114 plures
870 2074 1090 2115 antiquiores
1121 2074 1265 2116 linguae
1288 2073 1422 2106 formas
1446 2073 1663 2107 adhibuisse.

302 2127 372 2160 Sed
411 2128 499 2160 haec
534 2127 690 2168 suspicio
721 2137 764 2159 ex
795 2128 1044 2169 geminationis
1075 2137 1146 2160 usu
1177 2129 1255 2160 orta
1287 2137 1350 2169 per
1381 2137 1419 2160 se
1447 2128 1562 2169 ipsam
1594 2137 1666 2160 non

299 2181 386 2214 satis
411 2181 520 2222 valet;
546 2182 585 2213 ut
609 2180 677 2213 alia
702 2183 912 2229 argumenta
937 2182 982 2214 ad
1006 2191 1084 2215 eam
1108 2181 1276 2215 accedere
1298 2181 1494 2223 optandum
1518 2183 1583 2215 est.

334 2325 359 2359 1)
397 2328 521 2352 accentu
543 2329 659 2352 mutato
678 2328 708 2351 et
727 2326 904 2360 quantitate.

335 2372 361 2406 2)
401 2372 506 2400 Heaut.
527 2372 602 2399 Tim.
624 2373 695 2407 prol.
714 2371 759 2398 45.

334 2418 360 2453 3)
398 2419 432 2445 In
464 2419 540 2446 hanc
568 2418 767 2446 coniecturam
797 2423 864 2453 apte
894 2419 1022 2454 quadrat
1051 2418 1256 2453 interpretatio
1283 2418 1437 2446 verborum
1460 2426 1543 2453 pura
1568 2419 1669 2445 oratio

297 2465 416 2499 (aeaut.
444 2465 521 2493 Tim.
546 2466 618 2500 prol.
645 2464 694 2498 46)
721 2465 775 2492 viri
802 2465 962 2493 doctissimi
989 2465 1111 2492 loannis
1133 2464 1262 2492 Herbstii
1281 2463 1352 2498 (Des
1370 2464 1494 2492 Publius
1511 2464 1668 2492 Terentius

297 2513 470 2547 Lustspiele,
500 2512 630 2540 Deutseh
661 2520 716 2538 von
744 2511 819 2539 Prof.
846 2512 888 2539 dr.
914 2512 1064 2540 Johannes
1091 2510 1225 2542 Herbst):
1256 2509 1415 2540 ‘einfacher
1437 2511 1665 2547 Umgangston'3

297 2567 350 2586 nec
369 2559 469 2586 minus
487 2567 556 2587 cum
578 2560 632 2586 hac
651 2558 817 2593 suspicione
833 2559 979 2594 convenit,
993 2559 1071 2594 quod
1086 2558 1243 2585 Terentius
1256 2561 1503 2587 commemoratur
1514 2558 1545 2585 in
1558 2556 1668 2585 tabulis

295 2605 457 2634 scribendis
482 2614 570 2642 opera
595 2606 760 2634 amicorum
787 2614 858 2634 usus
884 2614 958 2641 esse,
976 2607 1059 2633 velut
1079 2605 1184 2633 Heaut.
1204 2605 1279 2633 Tim.
1299 2606 1369 2641 prol.
1389 2605 1435 2640 24,
1455 2605 1508 2632 Ad.
1528 2604 1599 2640 prol.
1619 2603 1665 2632 18.

332 2652 358 2686 4)
397 2653 545 2681 Friedrich
567 2653 633 2687 Leo,
653 2652 758 2680 Gesch·
779 2653 831 2680 der
850 2653 933 2680 Rom.
954 2653 1009 2680 Lit.
1031 2654 1041 2680 1
1062 2651 1171 2687 (1913),
1191 2661 1217 2687 p.
1237 2651 1293 2679 148
1311 2653 1349 2680 al.
1368 2652 1394 2680 2.
