1932 3121
975 247 1018 281 56

310 348 571 391 Impatientiae
597 359 742 384 morae:

707 441 906 473 Eunuchus
930 440 996 473 530
1022 439 1130 485 (heus
1152 441 1282 485 hemo:

475 529 616 557 Chremes
640 530 814 557 adulescens
830 532 901 557 ante
923 529 999 557 fores
1019 530 1137 557 aedium

437 577 600 604 meretricis
618 585 696 611 quae
715 585 784 603 eum
804 576 964 604 arcessivit.

310 658 386 692 528.
436 659 556 692 ADUL.
583 657 679 691 Misit
702 667 810 700 porro
834 666 948 700 orare,
976 660 1015 691 ut
1040 658 1210 701 venirem,
1237 660 1340 693 serio.

309 713 386 746 529.
436 713 505 745 Aut
529 713 622 745 dicat
645 712 742 754 quod
767 713 840 744 volt
864 714 927 744 aut
952 713 1103 746 molesta
1122 723 1168 745 ne
1191 713 1268 747 siet.

310 767 386 801 530.
436 767 514 800 Non
540 767 657 801 hercle
680 767 820 800 veniam
844 766 959 800 tertio.
988 765 1097 801 Heus·
1118 766 1221 810 heus,
1248 769 1372 811 ecquis
1395 767 1478 802 hic?

309 814 387 855 5'31.
436 822 514 863 Ego
538 831 630 863 sum,
658 821 840 855 Chremes.
866 821 1050 854 ANGILLA.
1078 821 1108 854 Ο
1132 822 1328 864 capitulum
1351 821 1630 866 lepidissimum!

310 876 388 911 532.
435 877 555 910 ADUL.
583 876 667 909 Dico
689 885 755 918 ego
779 876 827 908 mi
850 875 999 909 insidias
1023 875 1130 909 fieri?
1155 877 1248 910 ANc.
1275 877 1386 911 Thais
1410 886 1577 911 maxumo

309 931 387 964 533.
436 932 485 963 Te
507 931 633 963 orabat
656 940 773 972 opere,
801 932 840 962 ut
864 939 945 963 cras
969 930 1116 963 redires.

716 1062 917 1095 Eunuchus
942 1061 1028 1095 1042
1055 1061 1139 1105 (ubi
1162 1061 1266 1105 ubo:

458 1151 638 1178 Adulescens
657 1159 725 1178 cum
746 1159 829 1178 servo
849 1150 929 1178 fideli
949 1151 1090 1186 loquitur.

311 1232 394 1265 1041
401 1257 408 1265 .
460 1232 579 1265 SERV.
596 1232 672 1264 Iam
685 1232 752 1264 hoc
760 1232 858 1264 aliud
867 1234 921 1264 est
930 1232 1026 1273 quod
1035 1232 1273 1274 gaudeamus:
1285 1232 1385 1265 miles
1397 1232 1449 1274 (i.e.
1457 1242 1552 1264 rivam
1560 1231 1678 1273 fratris)

1334 1310 1336 1312 -
1390 1286 1540 1328 pelletur
1562 1285 1671 1318 foras.

310 1340 408 1372 1042.
458 1340 524 1372 AD.
544 1340 597 1372 Tu
615 1340 726 1372 frater
741 1338 810 1372 ubi
826 1338 894 1372 ubi
905 1341 958 1372 est
970 1339 1026 1372 fac
1038 1349 1146 1380 quam
1159 1339 1314 1381 primum
1328 1339 1415 1372 haec
1425 1339 1547 1372 audiat
1561 1364 1569 1372 .
1586 1364 1594 1372 .
1613 1364 1621 1372 .
1638 1364 1646 1372 .
1662 1363 1675 1372 .

309 1501 548 1540 Iracundiae:

681 1575 814 1608 Andria
837 1575 903 1608 860
930 1574 1094 1618 (Dromo
1119 1574 1301 1618 Dromo):

472 1665 567 1692 Senex
587 1664 762 1691 Dromonem
782 1664 922 1691 lotarium
942 1664 1082 1692 invocans
1100 1667 1136 1691 ut

435 1712 549 1738 Davum
562 1719 680 1738 servum
693 1711 833 1745 verberet,
850 1719 868 1737 a
882 1719 941 1746 quo
953 1711 1134 1740 circumduci

435 1766 467 1785 se
485 1758 659 1793 suspicatur.

306 1839 382 1873 860.
436 1838 528 1872 Suu.
546 1836 693 1870 Dromo
712 1836 858 1871 Dromo
871 1837 914 1878 1).
935 1838 1054 1871 Snnv.
1073 1837 1195 1881 (namu)
1213 1838 1308 1876 Quid
1323 1837 1406 1871 est?
1423 1837 1515 1872 Sim.
1527 1839 1670 1872 Dromo.

599 1891 718 1925 SERV.
745 1892 848 1926 Audi.
877 1892 968 1925 SEN.
996 1892 1151 1925 verbum
1176 1893 1207 1926 si
1229 1893 1430 1926 addideris.
1525 1892 1676 1927 Dromo!

305 1949 382 1981 861.
435 1948 556 1980 SERv.
578 1947 670 1979 Audi
688 1947 846 1980 obsecro.
871 1947 1018 1980 LORAR.
1040 1947 1134 1985 Quid
1152 1946 1235 1980 vis?
1261 1947 1354 1980 SEN.
1379 1946 1562 1981 Sublimen
1577 1948 1678 1982 intro

1113 2002 1211 2035 hunc
1234 1996 1321 2044 rape
1343 2004 1518 2043 quantum
1542 2004 1668 2044 potest.

305 2058 381 2091 862.
432 2058 528 2091 LOR.
550 2056 693 2095 Quem?
721 2056 812 2089 SEN.
836 2057 983 2089 Davom.
1008 2056 1128 2089 SERV.
1151 2056 1267 2094 Quam
1280 2056 1327 2089 ob
1343 2055 1446 2089 rem?
1469 2056 1561 2090 SEN.
1580 2056 1677 2095 Quia.

608 2110 716 2142 lubet.
744 2110 841 2152 Rape
863 2110 1025 2152 inquam.
1049 2109 1176 2150 ,SERM
1203 2110 1297 2148 Quid
1321 2109 1414 2143 feci?
1441 2110 1532 2143 SEN.
1560 2111 1675 2153 Rape.

697 2242 895 2275 Eunuchus
919 2242 985 2276 910
1011 2241 1125 2285 (quid
1149 2241 1280 2285 quid):

430 2331 545 2360 Ancilla
563 2339 665 2359 secum
684 2330 827 2366 loquitur.

303 2412 380 2445 910.
435 2410 550 2454 Quid,
579 2411 677 2455 quid
700 2411 821 2444 venire
844 2411 880 2444 in
906 2413 1058 2444 mentem
1082 2421 1180 2445 nunc
1205 2411 1317 2454 possit
1340 2412 1436 2454 mihi,

303 2467 381 2500 911.
430 2466 621 2507 Quidnam,
649 2465 711 2507 qui
736 2465 887 2498 referam
912 2466 1084 2508 sacrilego
1107 2466 1157 2498 illi
1180 2465 1343 2507 gratiam,

303 2520 381 2553 912.
430 2520 499 2558 Qui
523 2520 620 2553 hunc
644 2519 846 2561 supposivit
867 2519 1000 2553 nobis?

339 2634 365 2668 1>
402 2638 527 2662 accentu
547 2637 662 2661 mutato
682 2637 712 2661 et
730 2634 907 2669 quantitate.
