1932 3121
735 693 1141 739 THESES.

924 907 953 939 Ι.

282 1023 284 1025 .
304 995 504 1030 Geminatio
525 997 580 1028 est
602 995 819 1028 asseveratio
841 995 992 1029 aflectus
1015 996 1124 1028 animi
1144 996 1257 1037 quiin
1274 996 1393 1028 animo
1408 995 1500 1028 inest
1515 996 1621 1028 etiam

260 1051 450 1091 anoequam
482 1049 659 1092 indicatus
689 1051 744 1081 est
775 1048 947 1096 vocabulo
973 1058 1045 1082 non
1069 1049 1247 1091 geminato
1272 1048 1342 1091 (Cf.
1369 1058 1403 1090 p.
1431 1048 1474 1081 70
1496 1049 1542 1081 al.
1567 1047 1617 1091 2),

262 1103 374 1145 idque
396 1112 460 1145 per
482 1103 518 1136 id
542 1103 638 1145 quod
666 1102 946 1137 ‘autumatismos
969 1103 1172 1146 psychicus'
1198 1103 1339 1136 dicitur.

913 1201 962 1234 11.
997 1200 1001 1203 ’

305 1289 410 1331 Apud
433 1290 536 1332 Verg.
563 1291 648 1323 Aen.
676 1291 715 1332 V,
744 1290 807 1324 137
830 1289 965 1324 haurit
988 1290 1181 1332 significat:
1205 1289 1396 1332 subducit,
1425 1289 1538 1324 tollit.

910 1388 979 1422 ΙΙΙ.

307 1476 384 1510 Non
417 1477 603 1510 sufficiunt
628 1482 839 1520 argumenta
862 1487 882 1510 e
903 1477 1027 1519 lingua
1049 1479 1084 1510 et
1106 1477 1360 1519 orthographia
1384 1477 1502 1518 petita,
1528 1486 1621 1518 quae

248 1530 334 1578 ,Leo
366 1530 508 1574 (Gesch.
543 1532 579 1565 d.
610 1523 711 1565 Rom.
738 1531 916 1565 Literatur
939 1541 974 1574 p.
1000 1531 1033 1574 6,
1060 1541 1095 1565 n.
1122 1531 1159 1573 3)
1184 1532 1300 1574 affert,
1327 1533 1367 1565 ut
1388 1532 1615 1573 demonstret,

261 1585 430 1628 temporis
445 1586 635 1620 discrimen
646 1596 726 1620 esse
735 1587 830 1620 inter
839 1586 1099 1629 inscriptiones,
1114 1596 1207 1628 quae
1217 1586 1254 1619 in
1266 1586 1377 1620 fibula
1389 1586 1619 1619 Praenestina

261 1642 296 1672 et
319 1639 356 1677 in
381 1649 476 1682 vase,
503 1642 599 1682 quod
619 1642 749 1674 dicitur
765 1641 890 1682 Dueni,
909 1641 1152 1673 inveniuntur.
1181 1641 1442 1682 Discriminum,
1465 1649 1618 1682 quorum

261 1692 406 1738 linguae
428 1694 625 1737 regionales
648 1704 757 1728 causa
781 1697 877 1738 sunt,
904 1695 1076 1728 rationem
1100 1704 1172 1728 non
1196 1695 1284 1728 satis
1307 1695 1441 1728 habuit.
1493 1713 1495 1715 -

909 1794 967 1826 1v.

306 1882 409 1924 Apud
441 1882 567 1915 Plaut.⁴
592 1882 700 1915 Stich.
734 1882 799 1916 362
829 1881 983 1916 relictas
1007 1881 1128 1915 habeo
1151 1892 1230 1915 esse
1251 1883 1451 1924 exemplum
1475 1882 1619 1924 perfecti

262 1935 508 1979 periphrastici
539 1935 594 1979 ('=
619 1929 777 1981 reliqui)
806 1946 827 1970 e
856 1938 1021 1970 contextu
1044 1937 1214 1970 orationis
1236 1937 1377 1970 efficere
1400 1936 1503 1969 nobis
1525 1936 1615 1970 licet.

918 2037 957 2069 V.

308 2109 489 2151 Immerito
511 2111 578 2147 viri
596 2111 700 2152 docti,
720 2111 816 2144 velut
834 2110 979 2153 Speyer,
999 2110 1113 2143 Plaut.
1134 2110 1234 2152 Capt.
1254 2111 1364 2152 praef.
1384 2121 1419 2152 p.
1440 2110 1473 2152 8,
1492 2112 1621 2152 putant

265 2163 379 2197 Plauti
392 2164 612 2206 temporibus
623 2174 740 2198 mores
753 2165 994 2198 Romanorum
1003 2164 1162 2197 nondum
1171 2165 1358 2206 corruptos
1365 2165 1399 2197 et
1406 2164 1621 2206 depravatos

262 2217 385 2250 fuisse.
460 2222 464 2225 “

910 2291 970 2325 VI.

308 2380 364 2414 Ex
401 2381 649 2416 «Romanorum
691 2383 725 2414 et
765 2381 982 2415 Graecorum
1015 2380 1116 2414 libris
1151 2380 1238 2414 satis
1274 2381 1386 2414 multa
1420 2381 1621 2415 testimonia

263 2435 386 2469 afferri
416 2437 580 2479 possunt,
613 2436 710 2469 unde
739 2436 886 2478 apparet
915 2444 988 2469 non
1018 2435 1134 2468 solum
1165 2435 1293 2478 priscis
1316 2436 1536 2478 temporibus
1559 2436 1622 2469 sed

262 2488 369 2523 ctiam
391 2491 514 2532 postea
536 2490 697 2523 homines
718 2495 798 2523 esse
820 2489 1030 2523 immolatos.

900 2578 979 2611 VII.

309 2663 492 2699 Immerito
519 2666 720 2700 Damsteius
745 2665 889 2709 (Mnem.
915 2665 971 2708 42,
1002 2664 1083 2706 399)
1108 2666 1205 2708 apud
1229 2666 1308 2700 Iuv.
1336 2666 1365 2709 1,
1391 2666 1435 2700 85
1458 2667 1624 2709 proponit
1677 2672 1679 2674 ’

264 2719 453 2762 legendum
476 2714 558 2753 esse
578 2719 664 2764 aqit
686 2729 752 2762 pro
774 2720 911 2763 ayunt.
