1932 3121
913 265 1017 308 15.

249 365 524 401 Admonitionis
532 377 541 400 z

706 437 898 472 Baeohides
921 437 987 471 403
1013 436 1150 480 (utum

375 511 576 539 Mnesilochus
603 511 774 540 adulescens
801 520 902 540 seeum
931 512 1074 548 loquitur.

250 576 326 611 399.
376 578 495 625 Λυσι..
525 577 639 637 Ιξῖιιιιο,
666 578 889 621 Mnesiloche,
916 579 1093 622 specimen
1117 579 1285 621 speoitur,
1313 589 1409 612 nune
1432 580 1612 613 oei-tamen

249 685 326 719 400.
378 685 483 719 Sisne
504 695 616 720 necne
637 688 677 720 ut
699 696 778 721 esse
799 689 953 730 oportet:
977 688 1094 721 malus
1116 688 1235 722 bonus
1258 688 1389 730 quoius
1412 636 1610 721 mogdiftlmr,

249 739 327 773 401.
375 740 500 773 Iustus
522 740 696 773 iniustus:
721 741 1057 785 malignus'largus,
1082 742 1291 775 commodus
1314 742 1572 775 incommodus.

249 792 327 827 402.
374 793 472 828 Cave
493 794 544 827 sis
566 795 602 828 te
625 804 795 837 superare
816 805 958 829 servom
978 796 1064 845 *siris
1085 796 1254 830 faciundo
1276 796 1378 840 bene.

248 848 327 882 403.
381 847 474 882 Utut
494 849 576 891 eris,
604 859 739 892 moneo,
766 850 863 883 haud
885 850 1027 884 eelabis.

617 950 782 1000 Curculio
806 968 826 1000 7
851 967 1023 1010 (tandem
1048 967 1239 1011 tandem:

331 1040 440 1069 Servus
458 1040 679 1068 adulescentem
698 1041 868 1077 alloquitur.

333 1106 451 1140 Smw.
478 1107 558 1146 Quo
580 1108 638 1141 ted
662 1108 728 1142 hoe
751 1108 864 1142 noetis
887 1108 1001 1143 dicam
1023 1109 1201 1152 proficisci
1223 1110 1321 1143 foras

330 1161 421 1196 Cum
444 1163 533 1196 istoe
554 1165 684 1196 ornatu
707 1173 860 1205 eumque
883 1163 949 1197 hac
971 1173 1111 1206 pompa,
1139 1163 1386 1197 Phaedrome?

329 1216 448 1249 ADUL.
476 1216 555 1254 Quo
577 1217 697 1249 Venus
720 1216 928 1259 Cupidoque
948 1218 1109 1260 imperat,
1136 1218 1263 1250 suadet
1286 1218 1409 1250 Amor:

332 1270 508 1316 Sibmedia
531 1265 603 1304 nox
625 1273 679 1304 est
702 1272 811 1305 sivest
834 1271 948 1314 prima
971 1281 1130 1314 vespera,

332 1324 371 1358 Si
394 1327 510 1358 status
533 1326 716 1359 condictus
740 1335 820 1359 eum
844 1326 947 1358 hoste
967 1325 1151 1358 interoedit
1173 1325 1260 1366 dies,

330 1379 462 1413 Tamen
487 1381 542 1414 est
563 1380 722 1414 eundum
745 1389 817 1422 quo
839 1380 1016 1423 imperant
1037 1379 1212 1422 ingratiis.

332 1434 451 1467 SERv.
479 1434 523 1466 At
547 1433 703 1467 tandem
727 1433 883 1467 tandem
906 1451 950 1457 —
972 1434 1090 1466 Λυσι..
1117 1433 1275 1466 Tandem
1290 1442 1329 1465 es
1343 1433 1489 1465 odiosus
1504 1433 1604 1465 mihi.

247 1106 282 1467 senene-9250!-

543 1507 590 1542 (In
617 1517 699 1536 versu
726 1508 850 1544 septimo
874 1508 1059 1536 desideratur
1083 1507 1206 1543 aliquid,
1226 1511 1261 1535 ut
1285 1507 1327 1534 de
1353 1507 1413 1534 via
1437 1507 1608 1542 decedas,

507 1555 544 1583 cf.
563 1554 688 1582 27-30:
708 1555 754 1582 27.
772 1555 860 1582 SERV.
880 1555 939 1590 Ego
957 1555 1031 1582 item
1049 1555 1128 1582 volo:

507 1600 552 1630 28.
571 1602 617 1630 Ita
634 1604 718 1630 tuom
736 1601 866 1630 conserto
885 1609 985 1630 amare
1003 1608 1128 1637 semper,
1147 1601 1172 1629 si
1190 1601 1278 1636 sapis,

506 1648 551 1677 29.
570 1649 615 1677 Ne
633 1649 663 1677 id
682 1649 758 1685 quod
779 1657 869 1684 ames,
887 1648 1013 1684 populus
1031 1649 1057 1676 si
1074 1648 1156 1684 sciat,
1175 1648 1229 1676 tibi
1248 1648 1287 1676 sit
1306 1648 1419 1683 probro.

505 1695 550 1724 30.
571 1695 691 1731 Semper
709 1699 810 1723 curato
829 1704 866 1723 ne
884 1696 924 1723 sis
942 1695 1140 1730 intestabilis.)

722 1807 891 1849 Epidicus
914 1807 957 1840 82
982 1805 1034 1849 (te
1058 1805 1125 1849 te):

352 1880 460 1909 Servus
477 1889 578 1909 secum
597 1881 737 1917 loquitur.

246 1947 301 1982 81.
351 1972 542 1982 ......
570 1948 649 1987 Quo
672 1950 710 1981 in
732 1948 808 1982 loeo
831 1948 917 1981 haee
940 1957 997 1981 res
1021 1948 1067 1981 sit
1090 1947 1200 1990 vides,

246 2002 300 2036 82.
349 2003 511 2045 Epidiee:
537 2003 606 2035 nisi
628 2002 715 2044 quid
737 2002 801 2035 tibi
824 2002 862 2035 in
887 2002 959 2035 tete
980 2002 1135 2043 auxilist,
1162 2001 1376 2043 absumptus
1399 2010 1455 2034 es:

246 2056 302 2091 83.
349 2057 484 2091 Tantae
504 2057 542 2090 in
565 2058 601 2090 te
622 2056 815 2099 inpendent
838 2056 973 2090 ruinae.

634 2175 807 2208 Mercator
829 2174 893 2207 474
918 2173 1047 2217 (mane
1069 2172 1215 2216 mane):

372 2251 554 2279 Adulescens
572 2258 641 2279 cum
660 2250 754 2278 amieo
772 2249 914 2286 loquitur.

245 2316 323 2351 471.
370 2317 489 2350 Λυσι..
504 2316 581 2355 Qur
593 2326 658 2359 ego
671 2315 793 2349 veivo?
806 2316 883 2354 Qur
895 2324 966 2348 non
975 2313 1127 2348 morior?
1140 2314 1234 2353 Quid
1243 2315 1364 2348 mihist
1371 2315 1409 2348 in
1418 2315 1490 2349 vita
1498 2315 1608 2349 boui?

244 2372 322 2406 472.
371 2372 562 2415 Certumst,
584 2372 647 2414 vibo
677 2371 722 2405 ad
750 2370 924 2405 medicum
948 2371 1055 2412 atque
1076 2369 1126 2403 ibi
1148 2379 1205 2403 me
1227 2369 1343 2404 toxieo
1366 2370 1472 2404 morti
1494 2370 1604 2418 dabo:

244 2427 322 2460 473.
370 2426 523 2465 Quando
544 2427 581 2459 id
604 2426 653 2459 mi
675 2427 854 2468 adimitur,
880 2435 951 2467 qua
974 2434 1083 2458 eausa
1106 2424 1217 2459 vitam
1240 2425 1346 2467 cupio
1369 2425 1502 2459 vivere.

245 2481 321 2515 474.
369 2481 533 2515 Amcus.
564 2480 690 2524 Mdne,
718 2489 831 2514 mane
840 2479 882 2523 1),
909 2480 1067 2522 opsecro,
1094 2479 1259 2513 Charine.
1287 2481 1406 2519 Anul..
1434 2479 1525 2518 Quis
1549 2489 1610 2513 me

1285 2533 1455 2568 revocat?
1482 2559 1491 2568 .
1518 2559 1527 2567 .
1556 2559 1565 2568 .
1593 2559 1603 2568 .

281 2659 306 2694 1)
344 2662 467 2688 accentu
487 2662 611 2688 mutato.
