1932 3121
954 271 973 303 7

326 377 357 409 3.
410 375 432 419 ἓ
457 376 511 409 31.
534 373 785 418 Ἐπανάληψις,
815 375 1057 423 repetitio3
1072 374 1170 406 Haec
1192 374 1311 415 figura
1334 375 1474 406 tantum
1491 382 1512 405 a
1528 373 1646 414 priore

279 430 401 472 distat,
435 429 531 472 quod
561 429 599 462 in
627 429 686 462 illa
715 421 858 471 quidem
881 438 954 462 una
977 437 1064 471 pars
1086 427 1258 462 orationis
1281 427 1337 460 bis
1361 426 1542 469 repetitur,
1569 428 1645 459 tum

280 484 509 525 coniunctim,
535 485 611 516 tum
635 483 844 524 interposito
866 493 940 516 uno
962 485 1025 516 aut
1048 483 1159 516 altero
1176 482 1297 524 verbo,
1316 491 1389 523 quo
1406 481 1646 514 vehementior

264 538 432 573 selocutio
455 537 600 571 videtur·
612 532 714 571 fieri:
738 538 775 570 at
796 537 833 570 in
858 537 925 570 hac
939 546 984 570 ex
998 537 1156 580 plurium
1173 536 1365 569 verborum
1381 534 1647 568 continuatione

282 592 430 635 repetita
465 592 557 625 idem
592 591 789 634 quaeritur,
826 593 867 624 ut
900 592 931 625 si
965 592 1079 625 dicas:
1116 589 1276 625 Patriae
1307 599 1402 624 suae
1421 581 1645 633 ‘quisquam

284 647 303 688 <
306 646 466 691 patriae
476 656 571 681 suae
580 646 767 690 inquam>
781 655 806 684 o
817 645 861 680 di
867 645 1116 693 immortales,
1129 645 1287 680 exitium
1296 646 1351 679 est
1359 642 1646 685 machinatusl).

282 702 330 735 Et
365 703 453 735 hoc:
488 701 578 735 Non
606 702 748 744 potest,
785 699 866 734 iam
900 710 979 734 non
1006 701 1146 744 potest,
1184 699 1360 743 inquam,
1399 697 1521 732 libera
1555 697 1648 731 haec

282 754 421 790 civitas
443 765 530 790 esse.

329 826 361 858 4.
413 824 434 867 ξ
460 825 514 858 32.
547 821 809 862 Ἂναόίπλωσις,
841 824 1167 866 reduplicatio,
1201 834 1325 857 rarum
1357 823 1454 865 apud
1485 824 1645 855 oratores

282 880 424 922 figurae
453 889 579 922 genus,
613 879 835 921 frequentius
866 879 962 920 apud
992 880 1131 921 poetas:
1165 879 1195 912 si
1226 878 1372 920 quando
1402 879 1522 911 tamen
1550 877 1585 910 et
1607 876 1644 909 in

282 934 421 967 civilem
433 934 629 967 orationem
642 933 775 975 incidit,
787 932 902 974 (non)
916 933 1125 966 mediocrem
1138 933 1346 975 dignitatem
1359 932 1476 965 habet.
1491 932 1645 964 Interest

282 991 403 1021 autem
433 988 526 1021 inter
556 988 623 1020 hoc
652 987 772 1020 etJilla
795 987 867 1020 duo
890 987 1072 1029 superiora
1096 989 1249 1028 tantum,
1275 987 1371 1028 quod
1394 986 1451 1019 hic
1474 995 1526 1028 ea,
1553 994 1646 1027 quae

283 1043 321 1076 in
358 1042 541 1085 superiore
576 1041 734 1075 membro
772 1043 948 1083 postrema
970 1039 1181 1084 ponuntur,
1222 1041 1259 1074 in
1298 1040 1493 1083 posteriore
1530 1039 1644 1082 prima

285 1098 496 1139 repetuntur
522 1120 882 1129 .......
932 1096 1015 1128 Tale
1037 1098 1090 1128 est
1113 1096 1200 1128 illud
1224 1095 1495 1128 Terentianum:
1520 1093 1647 1136 Neyat

286 1150 480 1198 Fannium
511 1160 588 1184 esse
617 1150 717 1184 hanc
743 1149 819 1183 sibi
841 1150 1048 1193 coynatam
1072 1148 1289 1192 Demipho?
1315 1148 1431 1182 Hanc
1454 1146 1645 1191 Demipho
1698 1144 1702 1149 '

284 1206 404 1249 neyat
427 1214 504 1239 esse
527 1204 761 1248 cognatam?
784 1205 943 1247 (Phorm.
969 1203 1061 1246 352).

331 1276 362 1307 5.
412 1274 526 1306 Iulius
550 1273 766 1306 Rufinianus
792 1272 892 1315 (Pag.
920 1273 973 1314 49,
1004 1273 1043 1305 13
1068 1272 1211 1313 Halm):

333 1328 355 1371 ἓ
391 1329 422 1361 5.
467 1326 708 1371 Ἐπανάληψις
746 1329 799 1360 est
838 1327 1029 1360 eorundem
1071 1326 1262 1359 verborum
1302 1326 1409 1358 simul
1447 1326 1645 1367 positorum

282 1382 516 1424 eiusdemque
549 1382 743 1415 sententiae
776 1383 856 1423 post
890 1381 1000 1414 multa
1034 1381 1214 1414 interiecta
1248 1390 1329 1414 cum
1361 1380 1479 1422 aliqua
1511 1379 1646 1422 periodi

285 1437 514 1470 conclusione
536 1437 628 1469 facta
652 1436 820 1477 repetitio,
847 1437 886 1468 ut
910 1435 1028 1477 (Verg.
1055 1435 1098 1468 G.
1123 1435 1161 1467 II
1184 1435 1205 1467 4
1230 1433 1331 1476 199);

465 1490 564 1531 Hue,
585 1491 701 1533 pater
725 1499 747 1523 o
772 1489 915 1523 Lenaee
939 1488 1034 1532 (tuis
1056 1488 1118 1530 hie
1141 1488 1276 1522 omnia
1292 1488 1414 1531 plena

465 1543 701 1585 Muneribus,
729 1543 801 1577 tibi
817 1542 1030 1586 pampineo
1052 1542 1240 1586 yravidus
1263 1543 1453 1576 autumno

406 1622 409 1625 -
466 1598 596 1633 Floret
619 1608 721 1642 ayer,
748 1599 905 1641 spumat
921 1596 1051 1640 plenis
1072 1597 1269 1631 vindemia
1293 1595 1442 1639 labris),

468 1653 567 1691 Huc.
592 1654 705 1696 pater
728 1662 750 1686 ο
774 1652 927 1694 Lenaee,
955 1651 1051 1686 veni.

287 1709 412 1741 Latine
435 1709 522 1741 haec
544 1709 662 1750 figura
686 1708 814 1741 dicitur
837 1707 1032 1748 resumptio
1055 1707 1111 1739 vel
1135 1706 1304 1747 repetitio.

334 1761 355 1806 ἓ
383 1763 412 1794 7.
451 1760 665 1805 Παλιλλογία
689 1763 753 1803 est,
780 1770 861 1794 cum
885 1760 1046 1802 verbum,
1073 1760 1169 1801 quod
1192 1760 1228 1791 in
1252 1760 1368 1801 prima
1392 1760 1567 1792 sententia
1593 1761 1648 1792 est

286 1818 463 1860 ultimum,
489 1817 527 1850 in
551 1817 711 1859 sequenti
734 1818 787 1849 est
810 1816 975 1858 primum,
1002 1818 1041 1848 ut
1066 1814 1184 1857 (Verg.
1212 1814 1285 1848 Ecl.
1313 1815 1344 1847 X
1368 1814 1445 1857 72):

466 1870 648 1912 Pierides,
675 1880 741 1904 vos
762 1870 854 1903 haec
875 1868 1023 1902 facietis
1046 1868 1216 1902 maxima
1243 1868 1370 1909 Gallo,

471 1924 597 1966 Gallo,
624 1923 733 1959 euius
756 1933 867 1957 amor
891 1924 1043 1956 tantum
1067 1921 1166 1956 mihi
1189 1921 1321 1956 crescit
1343 1921 1387 1955 in
1409 1921 1537 1956 horas.

288 1980 413 2013 Latine
436 1980 564 2013 dicitur
588 1979 774 2021 regressio.

336 2027 415 2077 §R
448 2031 699 2070 Ἀναὸίπλωσις
732 2034 786 2065 est
819 2032 975 2065 eiusdem
1007 2031 1106 2064 verbi
1137 2031 1370 2064 continuatim
1403 2030 1575 2073 repetitio,
1610 2032 1651 2063 ut

289 2087 410 2129 (Verg.
438 2087 512 2120 Ecl.
538 2088 596 2120 ΙΙΙ
621 2086 699 2129 79):
733 2085 919 2128 Lonqum,
942 2084 1119 2125 formose,
1144 2083 1239 2126 vale,
1266 2083 1359 2126 vale,
1386 2083 1521 2127 inquit
1550 2083 1647 2118 Iola.

290 2142 335 2174 Et
368 2141 486 2184 (Verg.
514 2141 589 2174 Ecl.
615 2141 652 2173 II
677 2139 757 2182 69):
791 2149 813 2173 ο
842 2138 1019 2182 Corydon
1048 2136 1239 2181 Corydon,
1268 2147 1368 2181 quae
1397 2139 1433 2172 te
1456 2137 1653 2173 dementia

287 2195 413 2240 cepit!
444 2196 489 2229 Et
514 2195 633 2239 (Verg.
660 2195 748 2228 Aen.
775 2194 826 2227 IX
848 2193 947 2236 427):
968 2193 1039 2227 *me
1061 2202 1131 2234 me,
1159 2192 1311 2235 adsum,
1340 2192 1410 2236 qui
1432 2192 1505 2227 teci
1530 2219 1538 2227 .
1566 2219 1575 2226 .
1604 2219 1612 2226 .
1640 2218 1648 2226 .

290 2251 415 2285 Latine
437 2251 566 2285 dicitur
590 2251 676 2284 haec
698 2250 817 2292 figura
839 2248 1040 2291 duplicatio.

335 2316 366 2348 6.
417 2315 602 2349 Charisius
627 2314 672 2357 (I,
699 2314 775 2355 281,
802 2313 842 2346 21
869 2312 977 2355 Keil):

315 2365 524 2412 'Epizeuxis
552 2371 605 2402 est
632 2368 791 2410 repetitio
813 2367 975 2400 dictionis
999 2367 1157 2400 eiusdem
1181 2377 1263 2400 cum
1286 2368 1422 2409 impetu
1445 2367 1652 2409 pronuntia-

287 2423 397 2455 tionis
420 2425 460 2455 ut

423 2475 495 2518 Me,
523 2485 593 2518 me,
621 2475 771 2516 adsum,
799 2472 869 2517 qui
891 2472 973 2514 feei,
999 2472 1043 2507 in
1066 2483 1126 2507 me
1148 2474 1356 2508 convertite
1377 2474 1534 2516 ferrum,

429 2529 462 2579 Ο
486 2529 624 2564 Rutuli
647 2539 733 2563 mea
754 2528 874 2562 fraus.

328 2617 353 2652 1)
392 2618 527 2646 Halmius
546 2619 643 2646 locum
661 2618 705 2646 ita
723 2617 882 2653 supplevit:
902 2615 1119 2645 ‘machinatus‘i
1141 2618 1292 2652 (exitium,
1311 2618 1444 2654 inquam,
1458 2618 1570 2653 patriae
1584 2626 1655 2645 suae

291 2667 338 2691 est
356 2665 581 2697 machinatus‘l>
