1932 3121
957 261 1001 295 90

293 364 372 397 iore
381 363 426 406 ²).
452 363 496 397 At
519 363 643 406 procul
662 363 774 398 dubio
793 373 962 407 magnam
982 373 1086 398 suam
1101 356 1519 406 indignationemleetori
1533 362 1664 399 inicere

295 418 408 451 voluit
431 418 578 460 repetita
600 417 795 452 identidem
819 419 1035 453 narratione.
1625 452 1628 455 Δ

339 471 411 504 Nec
440 471 562 504 minus
593 481 721 506 moneo
743 473 931 515 gravitatis
954 482 999 506 ex
1022 472 1227 515 repetitione
1249 473 1358 513 ortae,
1385 480 1415 504 e.
1441 480 1476 513 g.
1503 470 1664 504 Ezechiel

296 525 338 559 16
364 535 373 558 ε
400 525 420 559 6
439 524 483 567 2).
528 525 590 570 ubi
630 526 774 560 Jabveh
818 526 1035 560 enumeratis
1077 526 1199 560 multis
1241 525 1394 568 peceatis
1434 526 1469 558 et
1510 523 1663 558 miseriis

294 579 546 622 Hierosolyma
561 580 729 614 admonet
746 581 926 623 quomodo
942 581 1128 615 sustulerit
1144 581 1268 614 urbem
1285 589 1330 613 ex
1344 579 1474 622 palude
1485 578 1663 621 squaloris

293 636 329 667 et
358 634 523 667 miseriae
553 637 587 668 et
619 635 883 677 pulchritudine
911 635 1085 668 induerit:
1119 635 1342 677 „Transiens
1373 635 1492 667 autem
1523 642 1588 676 per
1615 635 1660 675 te,

295 688 369 722 vidi
403 691 438 722 te
471 689 673 723 conculcari
707 689 743 722 in
779 689 956 732 sanguine
990 692 1063 731 tuo,
1101 691 1136 722 et
1169 689 1242 722 dixi
1276 688 1352 730 tibi,
1385 691 1467 722 eum
1496 696 1596 721 esses
1624 686 1663 720 in

295 741 583 786 sanguine‘tuo:
616 744 717 784 Vive;
748 743 834 785 dixi,
867 744 1027 785 inquam,
1061 744 1142 776 tibi:
1175 744 1218 777 In
1250 743 1426 786 sanguine
1452 744 1516 776 tuo
1539 740 1662 784 vive,”

295 798 358 831 ubi
374 798 481 845 etiam
496 798 534 831 in
551 800 650 831 textu
667 798 844 831 Hebraico
860 797 1103 840 repetitionem
1119 798 1208 840 ipsis
1224 798 1344 831 verbis
1356 798 1485 834 iactam
1497 796 1660 840 legimus,

295 862 405 894 quam
428 853 615 886 translatio
638 852 779 894 publica
802 851 1058 886 Nederlandiea
1082 861 1213 894 magna
1237 862 1319 886 oum
1342 852 1414 885 fide
1436 851 1606 890 reddidit.

341 907 454 939 Porro
470 916 596 939 moneo
613 905 830 948 repetitionis
847 905 925 938 sine
940 905 1110 939 varietate
1121 905 1156 939 in
1170 906 1335 939 formulis
1348 906 1459 940 saeris
1471 904 1660 946 adhibitae,

296 952 389 1003 quae
402 961 569 1003 profecto
592 960 803 1003 gravitatem
825 961 860 993 et
884 959 1092 1002 dignitatem
1115 960 1357 994 caeremoniae
1379 961 1523 1003 augent.

341 1015 458 1047 Altera
493 1023 602 1046 eausa
637 1024 702 1047 eur
735 1015 804 1047 viri
833 1015 926 1048 docti
957 1015 1001 1048 de
1031 1015 1067 1047 vi
1097 1015 1317 1048 deminutiva
1345 1015 1550 1058 cogitarent,
1578 1014 1664 1047 baec

296 1068 409 1101 fuisse
431 1070 546 1110 potest
569 1068 666 1110 quod
689 1069 790 1102 liberi
801 1067 831 1110 3)
856 1071 891 1102 et
915 1078 1018 1103 senes
1042 1071 1333 1111 repuerascentes
1354 1069 1464 1103 verba
1484 1068 1665 1112 geminare

296 1124 428 1156 amant.
459 1122 529 1155 Sed
553 1123 635 1164 quis
659 1123 844 1165 negaverit
867 1124 960 1156 hane
983 1124 1156 1156 rationem
1175 1123 1315 1156 dicendi
1334 1124 1463 1156 horum
1483 1122 1664 1165 propriam

295 1186 376 1209 esse
407 1179 446 1209 ut
477 1177 659 1210 affirment
690 1177 836 1220 aliquid,
870 1178 949 1211 lieet
976 1178 1063 1210 haee
1085 1177 1189 1210 nobis
1212 1177 1338 1210 debilis
1362 1179 1397 1210 et
1419 1177 1563 1210 infirma
1586 1186 1665 1210 esse

296 1231 471 1264 videatur.
519 1231 706 1264 Praeterea
740 1232 771 1264 si
807 1241 924 1265 sermo
958 1241 1162 1274 puerorum,
1201 1241 1341 1273 senum,
1378 1231 1593 1274 populorum
1626 1231 1663 1263 in

297 1285 416 1327 priseo
440 1286 536 1317 statu
562 1285 770 1328 viventium,
797 1286 902 1318 etiam
925 1286 1048 1328 lingua
1062 1287 1097 1319 et
1112 1287 1230 1319 mente
1244 1285 1472 1318 infirmorum
1488 1287 1664 1318 nonnum-

296 1349 406 1381 quam
443 1349 514 1372 non
551 1340 629 1372 sine
662 1340 783 1373 fructu
817 1340 977 1373 adhiberi
1011 1342 1126 1382 potest
1156 1340 1202 1373 ad
1232 1340 1368 1382 aliquid
1397 1339 1661 1381 illustrandum,

297 1395 416 1426 tamen
452 1395 610 1435 praestat
645 1394 823 1436 proficisci
858 1404 878 1427 a
913 1404 1077 1428 sermone
1106 1395 1296 1437 communi,
1331 1395 1471 1437 qualem
1502 1393 1665 1427 homines

296 1448 391 1481 iusta
413 1450 531 1481 mente
553 1449 704 1490 praediti
728 1449 896 1482 adhibent
906 1448 951 1491 4).

342 1502 527 1550 Plerisque
549 1502 635 1535 loeis
660 1503 756 1544 apud
781 1503 945 1536 Plautum
969 1505 1004 1536 et
1027 1504 1243 1546 Terentium,
1271 1513 1336 1536 nee
1358 1505 1477 1536 tamen
1497 1502 1665 1536 omnibus

297 1556 360 1589 ubi
401 1557 594 1599 geminatio
633 1557 832 1599 adhibetur,
875 1557 989 1591 maior
1028 1558 1138 1590 animi
1177 1558 1329 1591 affectus
1366 1557 1517 1591 indicari
1550 1558 1666 1599 potest

297 1611 513 1652 comparatis
545 1611 589 1643 iis
620 1611 706 1644 locis
735 1611 796 1644 ubi
821 1621 890 1644 vox
914 1621 986 1645 non
1010 1613 1188 1654 geminata
1211 1612 1352 1654 legitur.
1386 1612 1664 1653 Nonnumquam

298 1674 368 1697 vox
400 1674 471 1697 non
504 1665 682 1707 geminata
714 1666 749 1698 in
777 1666 838 1698 tali
862 1667 1030 1699 contextu
1054 1666 1212 1699 adhibita
1234 1667 1289 1702 est
1311 1667 1488 1708 utaequa
1510 1674 1664 1713 magnus

296 1719 449 1752 affectus
473 1719 583 1752 animi
606 1721 713 1761 atque
735 1719 796 1752 ubi
821 1730 890 1753 vox
914 1720 1093 1763 geminata
1116 1720 1282 1762 occurrit,
1301 1720 1428 1754 adesse
1444 1720 1606 1754 videatur
1616 1718 1659 1763 5).

334 1889 359 1922 1)
399 1889 464 1916 Max
497 1887 653 1916 Havelaar5
681 1888 763 1923 1881,
793 1889 923 1916 Elsevier
952 1898 979 1924 p.
1007 1888 1076 1917 268:
1103 1889 1201 1924 „Toen
1227 1890 1297 1917 deze
1323 1889 1415 1917 buss'el
1440 1898 1495 1917 aan
1522 1889 1666 1925 Saidjah’s

297 1936 386 1962 vader
406 1943 466 1962 was
485 1935 661 1970 asgenomen
681 1943 718 1963 en
737 1935 871 1971 goslacht
891 1957 897 1963 .
918 1956 925 1963 .
947 1957 953 1963 .
975 1956 982 1963 .

335 1983 367 2009 Ik
388 1982 446 2009 heb
466 1991 485 2009 u
505 1982 622 2017 gecegd‚
642 1983 727 2016 lezer,
746 1983 797 2010 dat
817 1983 889 2018 mijn
912 1983 1031 2010 verhaal
1045 1975 1189 2018 'eentonig
1208 1983 1295 2011 was.''

334 2029 416 2055 Idem
443 2028 567 2063 scriptor
591 2028 650 2054 alia.
672 2029 875 2056 huiuscemodi
901 2029 998 2055 multa
1023 2028 1144 2063 praebet
1163 2030 1244 2056 velut
1262 2029 1294 2056 in
1313 2029 1507 2064 descriptione
1526 2031 1667 2057 torrentis

296 2073 426 2110 ‘Banjir’,
445 2074 618 2110 Verspreide
638 2074 783 2109 Stukken,
803 2075 989 2103 Amsterdann
1011 2075 1044 2103 G.
1065 2075 1095 2103 L.
1112 2075 1229 2111 Funke,
1248 2074 1331 2111 1875,
1351 2084 1378 2111 p.
1397 2075 1431 2103 81
1453 2084 1508 2104 v.v.

333 2128 360 2161 2)
399 2126 564 2155 nemmem.
584 2124 665 2163 2⁸:13
689 2122 824 2161 37⁷3?ss
848 2113 896 2162 τεξ
925 2116 1032 2162 aasz
1055 2124 1122 2164 ’τι-3
1152 2122 1288 2164 *wama
1317 2114 1365 2163 τῆξ
1393 2117 1501 2164 ussa
1527 2128 1666 2164 „smen-

298 2180 477 2217 vertaling”:
505 2180 566 2216 „En
593 2181 623 2208 ik
650 2181 730 2209 zeide
755 2184 801 2209 tot
827 2190 846 2208 u
873 2182 903 2209 in
932 2189 979 2209 uw
1006 2181 1105 2209 bloed:
1131 2181 1216 2217 Leei'3
1239 2181 1280 2217 ja,
1305 2182 1336 2210 ik
1364 2182 1444 2210 zeide
1462 2185 1508 2210 tot
1527 2191 1547 2210 n
1565 2182 1597 2210 in
1617 2191 1665 2210 uw

297 2228 397 2256 bloed:
434 2228 496 2256 leef
501 2227 526 2255 1'’
561 2227 626 2255 Non
661 2229 845 2256 reticendum
878 2231 923 2256 est
953 2228 1028 2256 LXX
1057 2230 1217 2257 nonnullos
1245 2229 1335 2258 libros
1362 2237 1525 2265 omnesque
1553 2231 1667 2257 veteres

297 2276 446 2303 versiones
472 2275 659 2302 iterationem
685 2276 826 2303 omisisse.
852 2276 926 2303 Mihi
951 2276 1073 2312 quidem
1093 2279 1196 2304 contra
1215 2276 1441 2305 Kraetzschmar
1459 2276 1667 2311 (Kommentar

296 2322 437 2353 Nowack)
464 2322 598 2357 aliosque
621 2330 688 2349 cum
709 2326 847 2350 contextu
868 2323 986 2350 iteratio
1005 2324 1116 2359 optime
1134 2331 1297 2358 congruere
1317 2323 1442 2359 videtur,
1461 2327 1497 2351 ut
1514 2329 1584 2351 eum
1603 2326 1667 2351 tota

297 2369 507 2397 vaticinatione
533 2369 699 2404 Ezechielis,
718 2370 890 2404 praesertim
918 2378 987 2398 cum
1013 2371 1079 2410 hoe·
1091 2370 1187 2405 capite
1207 2369 1252 2404 16,
1271 2370 1483 2405 repetitionum
1503 2370 1665 2399 earundem

296 2415 512 2450 cogitationum
538 2418 569 2441 et
592 2416 750 2443 criminum
777 2416 895 2444 referto.
922 2416 1079 2451 Praeterea
1104 2419 1175 2452 puto
1201 2417 1298 2452 potius
1316 2416 1348 2444 in
1367 2416 1564 2451 Septuaginta
1582 2423 1666 2452 repe-

297 2463 435 2489 titionem
454 2461 594 2489 omissam
614 2470 677 2489 esse
696 2471 787 2498 quam
807 2463 843 2490 ad
864 2471 957 2498 paene
976 2471 1080 2491 omnes
1099 2463 1172 2491 alios
1192 2466 1292 2491 textus
1311 2463 1452 2492 additam.

333 2508 359 2538 3)
397 2509 455 2537 Jac.
477 2517 502 2536 v.
523 2507 678 2536 Ginneken
698 2510 716 2536 l.
737 2511 756 2537 l.
776 2508 790 2543 S
809 2509 873 2537 650.

335 2556 360 2589 4)
399 2556 491 2590 Idem,
511 2555 570 2582 iam
592 2555 730 2583 laudatus
749 2565 775 2591 p.
795 2556 840 2584 65.

336 2601 362 2637 5)
400 2602 444 2630 Cf.
470 2609 528 2637 aye
552 2602 731 2636 092,P1aut.
757 2603 837 2630 Asin.
864 2603 910 2638 39,
930 2611 986 2638 aye
1008 2603 1077 2631 ibid.
1097 2603 1142 2631 40.
1168 2603 1233 2632 Hoc
1252 2604 1306 2631 hoo
1325 2604 1421 2631 Plaut.
1439 2603 1545 2631 Bacch.
1565 2602 1668 2638 109912,

298 2649 353 2676 hoc
371 2648 466 2676 109912
485 2652 517 2676 et
535 2649 599 2676 Ter.
620 2649 708 2676 Andr.
728 2649 792 2677 860.
