1932 3121
949 292 1009 331 73,

287 397 374 440 quid
415 397 642 431 tractandum
683 395 752 429 sibi
794 395 1030 437 proposuerit.
1076 395 1193 428 Etiam
1228 396 1320 428 inter
1355 395 1651 437 reduplicationes

287 453 452 485 numerat
488 450 624 484 formas
661 444 844 483 iterativas
881 448 1073 482 verborum
1108 451 1143 482 et
1176 449 1332 492 figuram
1366 449 1646 492 etymologicam,

286 515 379 547 quae
400 515 421 539 a
445 500 569 538 nosti-o
595 505 807 546 argumento
830 513 980 546 prorsus
1002 504 1117 537 aliena
1140 505 1236 545 sunt,
1264 504 1327 537 sed
1351 503 1559 545 praesertim
1584 504 1651 537 hoo

286 568 426 603 semper
455 558 540 601 agit,
574 560 615 591 ut
644 556 833 600 investiget
862 567 955 600 quae
984 558 1030 591 sit
1060 568 1170 591 eausa
1201 558 1251 590 rei
1282 557 1491 599 praesertim
1521 558 1558 590 in
1589 558 1645 599 iis,

285 622 378 655 quae
399 612 446 646 ad
468 614 606 654 partem
629 611 818 647 divisionis
838 612 1031 647 secundam
1054 612 1242 654 pertinent.
1270 612 1366 645 Sane
1383 612 1574 645 dolendum
1593 613 1650 644 est

284 676 367 700 eum
390 667 427 699 in
451 666 625 700 divisione
647 668 787 699 tantum
804 666 1011 708 ⁴respexisse
1026 676 1171 700 normas
1187 676 1279 708 quas
1295 666 1526 709 grammatica
1545 670 1647 699 vetus

284 715 457 754 adhibuit.
483 720 600 759 Quam
622 720 765 754 difficile
788 721 833 754 sit
857 730 914 754 res
937 721 1140 754 extensivas
1162 723 1197 754 et
1215 721 1413 754 intensivas
1432 714 1524 762 quas
1544 721 1647 753 vocat

284 775 505 819 distinguere
528 773 649 809 velex
664 785 705 809 eo
719 777 816 823 patet
835 776 930 818 quod
947 776 1085 809 Pettius
1100 779 1219 819 partes
1235 776 1405 819 eorporis,
1433 785 1526 818 quae
1542 775 1647 808 binae

284 839 423 872 semper
458 829 692 863 inveniuntur
725 830 748 862 i.
785 840 815 863 e.
853 831 1012 873 exempla
1046 831 1186 864 numeri
1220 831 1347 873 dualis,
1385 831 1422 863 in
1455 830 1646 877 intensiyis

283 893 473 918 numerare
495 886 639 917 coaetus
661 886 715 917 est
736 884 936 926 (mammae,
958 884 1080 927 oculi),
1099 885 1161 918 sed
1178 885 1451 927 geminationem
1467 884 1504 917 in
1520 882 1645 926 lingua

283 938 410 971 Malaia
432 947 525 979 quae
542 938 714 979 pluralem
735 938 876 980 indicat,
898 939 1118 972 extensivam
1138 939 1297 972 nominat
1319 940 1449 981 (orang
1465 948 1581 981 orang
1599 952 1644 965 =

282 992 454 1033 homines,
488 992 585 1024 kuda
615 992 711 1024 kuda
739 1005 782 1019 =
804 992 930 1034 capilli,
964 993 1102 1034 poehon
1132 993 1270 1034 poehon
1301 1007 1346 1020 --
1377 992 1482 1034 silva)
1515 995 1564 1035 et*
1580 993 1641 1032 ubi

281 1045 326 1078 de
363 1045 600 1087 geminatione
632 1033 809 1078 intensissa
839 1046 922 1088 agit,
957 1046 1001 1079 de
1031 1047 1150 1079 verbis
1180 1047 1451 1088 frequentativis
1481 1047 1642 1088 disputat

281 1109 352 1132 non
395 1099 510 1132 solum
552 1100 596 1132 de
638 1100 756 1132 verbis
797 1100 984 1133 intensivis
1003 1100 1044 1142 1).
1092 1101 1232 1134 Utinam
1274 1111 1318 1133 ne
1352 1101 1407 1133 vir
1441 1101 1478 1133 in
1512 1101 1640 1142 primis

281 1153 535 1196 sagacissimus
569 1153 678 1186 nimio
713 1153 830 1187 studio
863 1147 1102 1196 distinguendi
1134 1155 1302 1188 inductus
1333 1154 1452 1187 omnia
1483 1154 1640 1196 gemina-

280 1208 387 1240 tionis
417 1207 615 1240 intensivae
643 1208 804 1250 exempla
831 1217 904 1241 uno
927 1208 1039 1250 eapite
1061 1209 1269 1252 collegisset,
1295 1209 1331 1241 in
1356 1209 1489 1250 quibus
1513 1218 1638 1242 secun-

279 1262 366 1295 dum
406 1262 584 1296 notionem
619 1262 758 1296 numeri
790 1262 846 1296 vel
876 1263 980 1305 spatii
1010 1272 1102 1305 quae
1131 1263 1282 1306 singulis
1314 1263 1433 1296 verbis
1463 1263 1635 1304 inhaeret,

279 1317 366 1350 haee
396 1318 629 1358 quantitatem
662 1317 817 1358 (dualem
849 1318 903 1350 vel
933 1317 1120 1359 pluralem)
1152 1321 1186 1350 et
1216 1318 1456 1350 extensionem
1481 1318 1640 1350 indicare

279 1380 342 1412 per
366 1380 405 1404 se
428 1373 523 1412 patet
534 1369 576 1413 2).

323 1426 422 1459 Inter
445 1426 640 1459 numeralia
664 1425 890 1459 distributiva
915 1427 1038 1459 Latina
1063 1427 1200 1460 Pottius
1222 1427 1327 1460 etiam
1348 1429 1513 1459 numerat
1534 1425 1637 1469 quis-

352 1638 379 1665 ⁶2.
418 1639 573 1666 verkiirzte
593 1638 835 1673 Wie'erholung,
854 1639 882 1666 d.
903 1639 931 1666 h.
951 1639 1258 1674 Reduplicntion.

414 1695 441 1713 α.
479 1685 656 1721 Steigerung
674 1694 730 1713 von
749 1686 960 1713 Einzellauten.

479 1741 508 1764 α,
546 1732 713 1760 vokalische
732 1732 809 1767 (lego
829 1733 895 1767 legi,
915 1734 998 1760 video
1018 1733 1090 1766 vidi)

478 1776 508 1814 β,
546 1779 788 1806 consonantische
806 1778 921 1812 (Semit.
939 1779 1017 1814 piel).

415 1825 440 1852 b.
479 1825 539 1860 Εἰς.
559 1824 792 1860 Βεάιιριίοαῐὶοιι,
812 1826 896 1853 nieht
913 1826 1019 1854 immet·
1037 1828 1204 1862 syllabisch.

416 1882 438 1900 c.
479 1873 711 1908 wiederholung
729 1873 780 1900 des
799 1873 916 1901 Ganzen
936 1875 991 1901 mit
1010 1875 1120 1902 ver-sch.
1140 1875 1239 1902 Vokal.

432 1980 434 1983 ’
462 1974 492 2001 Β.
532 1973 761 2001 Verschiedener
786 1974 923 2001 intelle
930 1982 945 2001 c
953 1977 966 2001 t
974 1983 992 2001 u
1001 1975 1034 2001 el
1043 1975 1075 2002 le
1083 1984 1097 2002 r
1125 1975 1225 2002 Werth
1246 1975 1297 2002 der
1318 1975 1496 2011 Doppelung.

350 2020 372 2048 1.
414 2021 524 2048 luten
533 2021 612 2048 sive
636 2020 814 2056 Steigerung
830 2021 905 2048 insb.
925 2021 980 2048 mit
1000 2021 1095 2056 Bezug
1113 2022 1168 2048 auf
1184 2021 1230 2049 die
1255 2022 1276 2048 E
1286 2030 1312 2049 m
1322 2023 1427 2057 pfind
1437 2032 1455 2049 u
1465 2032 1483 2050 n
1493 2032 1520 2058 g.

411 2077 438 2095 a.
477 2067 703 2102 interjectionen
1080 2064 1083 2065 ⁷

474 2122 501 2140 α.
543 2113 704 2141 Weibliche
724 2113 838 2148 Briiste‚

539 2159 654 2187 Andere
675 2159 887 2195 Korpertheile.

752 2209 807 2234 eet.
826 2209 882 2234 cet.

344 2252 369 2278 2.
408 2252 587 2287 Steigerung
605 2253 636 2279 in
662 2261 681 2287 q
691 2261 762 2280 uan
772 2253 951 2280 titativer
974 2254 1045 2280 oder
1071 2262 1111 2280 ex
1120 2257 1181 2281 ten
1190 2255 1219 2281 si
1230 2263 1243 2280 v
1252 2263 1268 2281 e
1277 2264 1290 2281 r
1317 2255 1487 2283 Riicksicht.

407 2308 435 2327 a.
474 2299 763 2327 Distributivzanlen.

409 2347 434 2374 b.
474 2346 705 2382 Pluralbildung.

576 2397 631 2421 cet.
650 2398 705 2422 cet.

305 2437 330 2469 1)
368 2440 387 2467 l.
406 2440 425 2468 1.
465 2460 472 2468 .
491 2439 547 2467 120
622 2461 629 2468 .

304 2485 331 2520 2)
368 2447 474 2515 Meliss
498 2448 639 2515 iudifflv‘tlit
664 2489 827 2517 Bernhardi
851 2497 943 2525 agens
967 2490 1002 2516 de
1027 2490 1228 2524 geminatione
1253 2491 1467 2519 attributorum
1490 2492 1631 2527 (Spracb-

266 2533 350 2560 lehre
375 2533 397 2568 1,
416 2532 499 2567 179):
525 2532 701 2570 ‘Allerdings
727 2529 823 2563 haben
849 2536 903 2563 wir
926 2544 958 2563 es
983 2535 1176 2564 hierbei‘mit
1200 2537 1283 2565 einer
1309 2538 1461 2566 lntension
1488 2548 1523 2566 zu
1543 2539 1631 2574 thun,

267 2578 379 2606 welche
397 2579 459 2607 sich
479 2580 535 2607 mit
553 2580 606 2608 der
624 2582 843 2616 quantitativen
862 2583 916 2610 Art
934 2583 965 2611 in
985 2583 1137 2619 Vergleieh
1157 2584 1249 2619 stelle,
1269 2586 1380 2613 welche
1401 2586 1515 2613 beiden
1530 2586 1629 2614 Mehr-

266 2625 461 2654 heitsnumeri
487 2627 547 2654 und
576 2628 622 2655 bei
644 2629 702 2656 den
722 2629 1016 2657 Distrubitiv-zahlen
1035 2631 1202 2665 gleichsalls
1221 2632 1348 2659 mittelst
1369 2633 1541 2667 Doppelung
1558 2641 1628 2660 aus-

265 2671 419 2706 gedriickt,
438 2673 491 2700 wir
509 2674 554 2700 ot't
572 2681 672 2709 genug
692 2675 860 2711 begegnen'.
