1932 3121
933 295 975 328 67

275 403 334 446 (of.
360 412 395 444 p.
421 400 493 443 47),
528 400 612 442 quia
643 399 702 432 illo
732 399 809 432 loeo
840 398 1027 441 trepidatio
1057 398 1189 431 iustam
1222 407 1367 431 eausam
1391 398 1638 440 geminationis

273 455 417 499 praebet
440 456 475 488 et
497 453 812 496 grammatioorum
835 452 955 494 opinio
977 451 1080 485 facile
1103 451 1245 485 efficere
1267 452 1393 494 potuit,
1427 455 1467 484 ut
1489 452 1638 485 elocutio

273 520 336 552 per
357 510 449 542 duas
473 517 646 550 personas
670 507 955 540 distribueretur.
1511 521 1513 523 ·

319 562 479 596 Eandem
502 561 549 594 ob
571 570 717 594 eausam
742 560 875 594 Goetzii
896 562 930 593 et
954 560 1116 593 Schoellii
1132 561 1371 594 coniecturam
1387 560 1433 592 ad
1451 560 1552 602 Epid.
1572 560 1635 593 631

274 617 376 649 valde
417 615 542 657 probo,
586 616 649 656 qui
691 625 756 656 pro
802 614 963 647 ‘numero
1005 615 1167 647 numera’
1208 615 1397 657 legendum
1432 617 1637 656 proponunt
1670 644 1675 646 .

276 671 437 703 ‘numera
457 670 634 711 numera',
655 679 736 702 cum
756 669 897 711 egregie
915 670 1066 711 quadret
1084 669 1121 701 in
1141 669 1411 711 trepidationem
1431 660 1633 711 geminatio,

273 725 334 766 qui
356 724 508 757 affectus
531 724 654 756 eodem
679 732 786 768 versu
810 723 1082 765 geminationem
1106 733 1178 766 aye
1200 733 1273 766 aye
1293 723 1421 756 effecit.

318 779 459 811 Rursus
474 778 521 810 ob
537 777 685 810 eandem
702 786 847 810 eausam
865 787 885 809 e
901 787 1008 810 versu
1026 787 1047 810 a
1059 778 1238 820 plerisque
1249 777 1445 810 editoribus
1458 780 1636 819 expuncto

275 833 420 875 (Pseud.
456 831 536 874 600)
571 832 679 865 verba
712 832 836 865 saltem
870 832 924 866 ‘St
948 834 1024 866 tace
1047 833 1134 866 taoe'
1160 842 1306 866 servare
1329 833 1444 874 velim,
1472 831 1534 865 ubi
1557 842 1635 875 per-

272 887 429 920 turbatio
459 887 521 919 tali
551 886 797 920 exclamationi
831 887 932 920 valde
961 887 1067 920 favet.
1104 888 1290 920 Praeterea
1314 888 1435 929 plures
1458 887 1633 920 eiusmodi

273 951 401 974 versus
418 941 642 983 singulorum
660 942 715 974 vel
727 941 893 974 binorum
907 942 1097 974 verborum
1109 944 1313 983 occurrunt,
1331 942 1634 983 perturbationem

272 1005 416 1037 quoque
437 995 646 1037 indicantes,
675 995 770 1028 velut
793 996 896 1028 Most.
924 996 988 1029 506
1012 994 1057 1029 St
1080 995 1125 1029 St
1148 996 1227 1029 Cas.
1255 996 1320 1029 619
1344 995 1469 1029 Attat.

317 1050 406 1082 Item
423 1049 696 1091 geminationem
710 1049 797 1082 Heo.
813 1049 876 1082 201
894 1049 1056 1082 ‘oderunt
1068 1050 1245 1091 oderunt’,
1261 1060 1370 1091 quam
1384 1050 1633 1082 Fleckeisenus

272 1104 308 1135 in
332 1103 521 1135 editionem
545 1103 738 1136 secundam
762 1104 892 1145 recepit
915 1103 1066 1145 probare
1089 1113 1159 1136 non
1177 1113 1336 1145 possum,
1359 1113 1440 1136 cum
1457 1107 1633 1145 quantum

271 1157 393 1189 odium
425 1156 481 1197 sit,
515 1157 586 1189 iam
614 1155 737 1189 ‘verbis
771 1156 882 1190 ‘adeo'
907 1160 941 1189 et
967 1157 1051 1189 ‘uno
1074 1157 1204 1189 animo'
1230 1158 1424 1190 indicatum
1448 1158 1494 1189 sit
1517 1167 1633 1198 neque

271 1211 402 1243 idcireo
425 1220 535 1243 eausa
559 1211 605 1243 sit
628 1220 693 1243 cur
717 1211 866 1243 verbum
890 1211 1098 1253 geminetur.

315 1266 360 1297 At
390 1266 513 1298 eontra
537 1274 618 1297 oum
642 1265 764 1298 eodem
788 1265 1011 1298 Fleckeiseno
1034 1266 1070 1298 in
1094 1265 1216 1298 eadem
1240 1257 1392 1298 editione
1414 1266 1562 1307 Adelph.
1588 1265 1630 1298 33

271 1319 544 1361 geminationem
577 1319 649 1352 tete
678 1319 872 1352 removenti
902 1329 1052 1361 prorsus
1082 1319 1183 1361 facio,
1215 1320 1300 1361 quia
1324 1320 1421 1352 nulla
1445 1329 1553 1352 eausa
1577 1322 1631 1352 est

271 1373 533 1416 geminationis,
568 1383 649 1407 cum
680 1374 802 1417 gravis
833 1374 941 1407 animi
971 1374 1122 1408 affectus
1152 1375 1215 1416 qui
1246 1374 1474 1416 geminationi
1497 1375 1626 1416 faveat,

270 1428 373 1461 desit.
