1932 3121
881 290 923 323 17

638 393 813 427 Mercator
836 393 900 428 765
925 392 1021 436 (non
1044 392 1158 435 non):

384 471 504 508 Ooquus
522 479 590 500 cum
608 479 680 500 sene
702 472 836 509 loquitur
852 480 951 501 coram
965 473 1045 501 senis
1073 459 1077 464 ’

348 527 448 554 uxore,
466 527 561 555 eoquo
579 519 689 555 ignota.
850 526 852 528 ’

220 591 296 633 760.
347 590 449 628 Coo:
466 590 601 632 Nempe
623 600 715 624 uxor
737 591 849 625 rurist
871 593 945 634 tua,
972 602 1081 634 quam
1104 592 1241 625 dudum
1265 592 1428 625 deixeras

221 645 297 679 761.
346 645 397 678 Te
417 644 537 678 odisse
559 647 666 688 atque
688 646 830 689 anguis.
858 646 950 681 Sim.
977 647 1102 690 Egone
1123 647 1216 680 istuc
1238 647 1312 680 dixi
1335 645 1427 680 tibi?

213 699 297 734 762.
348 699 441 736 GOQ.
468 699 555 732 Mihi
577 699 720 741 quidem
740 701 871 735 hercle.
899 700 991 735 Smw.
1017 701 1073 735 Ita
1096 711 1154 734 me
1175 701 1309 734 amabit
1331 701 1503 743 Iuppiter,

220 753 298 788 763.
347 753 456 795 Uxor,
482 755 523 786 ut
545 762 612 796 ego
633 753 721 787 illud
744 764 941 797 numquam
964 755 1068 789 deixi.
1095 756 1219 789 UxoR.
1247 755 1363 788 Etiam
1388 753 1527 798 negas?

201 807 298 842 764.
345 803 470 841 Palam
492 807 602 841 istaec
623 807 718 841 fiunt
740 810 775 842 te
796 818 853 842 me
872 809 1002 843 odisse.
1032 809 1124 843 SEN.
1151 809 1246 848 Quin
1271 819 1374 852 nego.

221 861 298 896 765.
348 861 441 899 GOQ.
467 860 557 895 Non
579 870 660 895 non
682 864 716 895 te
738 862 856 896 odisse
877 863 1003 906 aiebat,
1030 863 1093 896 sed
1115 873 1264 896 uxorem
1287 873 1411 896 suam:

221 915 298 950 766.
348 916 394 949 Et
416 925 563 949 uxorem
589 925 692 949 suam
715 917 792 950 ruri
814 926 893 951 esse
915 917 1030 951 aiebat
1054 942 1210 952 .....

518 995 603 1029 (765·
620 995 707 1023 Certe
732 995 857 1032 (coquus
881 996 1023 1031 affirmat)
1047 1005 1136 1024 senex
1162 1001 1241 1025 recte
1266 998 1346 1031 dicit,
1372 1004 1441 1024 nam
1468 1004 1527 1023 non
1554 999 1581 1023 te

481 1043 575 1071 odisse
593 1051 625 1071 se
643 1043 748 1079 aiebat,
768 1044 817 1071 sed
838 1052 959 1086 uxorem
977 1044 1085 1077 suam.)

689 1164 862 1198 Mercator
884 1164 950 1198 558
975 1163 1111 1207 (πέπιθε

349 1242 443 1270 Senex
463 1251 563 1271 secum
583 1244 723 1279 loquitur.

220 1313 299 1347 544.
349 1314 507 1351 Tandem
530 1311 728 1357 impetravi,
754 1317 794 1348 ut
816 1318 953 1357 egomet
975 1325 1032 1348 me
1057 1334 1094 1339 —-
1120 1325 1400 1357 corrumperem:

188 1375 190 1380 ⁴
223 1368 299 1401 545.
349 1368 514 1411 Emptast
537 1369 650 1402 amica
672 1369 762 1403 clam
785 1379 932 1402 uxorem
954 1371 989 1402 et
1012 1370 1101 1403 clam
1125 1369 1251 1402 filium.

221 1421 300 1455 546.
351 1422 548 1456 Certumst:
572 1423 720 1465 antiqua
743 1424 893 1456 recolam
916 1426 950 1456 et
973 1423 1116 1456 servibo
1138 1423 1235 1456 mihi.
1318 1467 1321 1470 Ι

221 1476 300 1509 547.
351 1476 467 1510 Breve
488 1477 558 1510 iam
582 1477 748 1511 relicuom
773 1477 866 1514 vitae
888 1477 1094 1519 spatiumst:
1118 1477 1205 1519 quin
1229 1486 1295 1520 ego

222 1530 301 1564 548.
350 1531 547 1573 Voluptate,
574 1532 658 1564 vino
680 1533 715 1565 et
737 1541 857 1565 amore
877 1531 1107 1565 delectavero.

221 1639 301 1673 556.
351 1640 447 1674 Uxor
470 1650 527 1674 me
549 1642 710 1682 expectat
731 1640 801 1673 iam
825 1641 962 1673 dudum
984 1642 1146 1674 esuriens
1169 1640 1281 1673 domi:

221 1694 301 1728 557.
350 1694 427 1729 Iam
450 1694 568 1737 iurgio
590 1694 752 1737 enicabit,
780 1695 810 1727 si
832 1694 926 1729 intro
949 1694 1097 1728 rediero.

221 1748 299 1782 558.
350 1749 480 1782 Verum
503 1749 620 1783 hercle
641 1750 819 1791 postremo
842 1749 931 1782 utut
952 1750 1016 1790 est,
1044 1758 1116 1782 non
1139 1748 1198 1781 ibo
1220 1750 1350 1790 tamen,

222 1803 300 1836 559.
353 1803 423 1836 Sed
446 1804 543 1837 hunc
567 1803 720 1836 vicinum
745 1803 845 1845 prius
868 1803 1075 1836 conveniam
1099 1811 1206 1844 quam
1231 1802 1376 1835 domum

222 1857 300 1891 560.
350 1857 516 1891 Redeam.
542 1858 595 1891 Ut.
611 1857 696 1890 mihi
719 1857 824 1890 aedes
846 1857 985 1898 aliquas
1007 1856 1182 1890 conducat
1205 1857 1296 1898 volo,

221 1911 300 1944 561.
350 1911 418 1945 Ubi
440 1911 576 1944 habitat
598 1911 706 1944 istaec
729 1911 864 1949 mulier.
891 1911 1005 1952 Atque
1027 1920 1147 1943 eccum
1171 1910 1197 1942 it
1220 1911 1328 1943 foras.

603 2039 781 2072 Poenulus
804 2038 870 2071 428
895 2037 1028 2081 (eyone
1050 2036 1199 2080 eyonQ:

352 2119 532 2147 Adulescens
550 2127 618 2146 cum
637 2127 720 2147 servo
735 2118 894 2154 Milphione
906 2117 1047 2153 loquitur.

222 2190 303 2223 417.
352 2191 471 2224 Λυσι..
497 2190 601 2223 Nunc
622 2199 769 2232 opsecro
791 2192 835 2231 te,
863 2188 1018 2230 Milphio,
1045 2188 1138 2221 hanc
1159 2197 1223 2230 per
1245 2188 1427 2221 dexteram

223 2243 301 2277 418.
351 2244 490 2286 Perque
512 2244 604 2277 hanc
628 2253 786 2277 sororem
808 2243 944 2276 laevam
968 2251 1102 2284 perque
1123 2242 1246 2275 oculos
1269 2244 1351 2275 tuos

222 2297 301 2331 419.
351 2298 490 2339 Perque
512 2307 609 2331 meos
632 2306 771 2331 amores
794 2305 927 2338 perque
949 2295 1201 2341 *Adelphasium
1226 2305 1341 2329 meam

222 2352 301 2385 420.
351 2352 490 2394 Perque
511 2354 609 2385 tuam
630 2352 845 2385 leibertatem
862 2369 904 2374 —
923 2349 1093 2383 SEBVUS.
1119 2349 1198 2392 Em,
1224 2360 1322 2383 nune
1338 2351 1388 2383 nil
1403 2360 1583 2393 opsecras.

225 2406 302 2439 421.
351 2407 470 2440 ADUL.
497 2407 546 2440 Mi
568 2406 798 2449 Milphidisce,
825 2414 902 2438 mea
925 2404 1167 2446 commoditas,
1194 2414 1272 2437 mea
1296 2405 1408 2447 salus,

222 2459 302 2492 422.
352 2461 422 2493 Fac
445 2461 541 2502 quod
564 2460 743 2493 facturum
766 2462 801 2492 te
824 2458 1016 2501 promisisti
1040 2458 1126 2490 mihi

223 2512 302 2546 423.
351 2514 397 2547 Ut
419 2524 485 2557 ego
507 2515 604 2548 hunc
626 2514 787 2547 lenonem
811 2513 968 2555 perdam.
997 2511 1117 2545 SERV.
1144 2512 1316 2546 Perfacile
1338 2513 1374 2545 id
1394 2513 1584 2555 quidemst.

223 2620 291 2653 426
294 2645 935 2654 ...........
984 2620 1140 2661 Propera
1163 2622 1272 2662 atque
1294 2621 1363 2654 abi.

224 2673 302 2706 427.
352 2676 471 2708 Amn..
492 2675 615 2718 Fugio.
638 2674 757 2708 Smw.
777 2674 929 2707 Meumst
943 2674 1036 2707 istuc
1052 2674 1167 2717 magis
1182 2674 1341 2708 officium
1354 2684 1463 2718 quam
1476 2677 1585 2709 tuom.

1451 2729 1470 2759 2
