1932 3121
997 265 1038 298 70

332 368 539 410 saepissime
555 368 728 401 vocabula
744 368 973 410 geminantur
989 377 1083 410 quae
1097 369 1175 411 ipsa
1192 369 1352 403 indicant
1366 369 1585 412 ‘energiam',
1602 370 1699 403 velut

332 431 435 465 euye,
470 422 522 463 at,
557 422 647 464 tace,
676 422 759 456 tene
789 432 905 464 neque
934 423 1080 456 omnino
1111 423 1379 458 coniunctiones
1410 425 1480 458 nisi
1510 434 1572 458 eae
1601 424 1700 466 ipsae

331 486 424 517 quae
447 477 647 518 antiquiore
668 477 814 519 linguae
836 479 995 519 tempore
1016 477 1291 511 exclamationes
1311 480 1424 520 erant,
1452 479 1548 512 velut
1566 486 1696 521 quam,

332 531 387 571 ut,
413 529 491 571 ubi,
518 539 745 571 quarumque
775 531 830 563 vis
861 532 939 563 tum
970 530 1115 563 demum
1145 531 1399 573 obsolescebat‚
1427 541 1506 565 cum
1540 532 1576 564 in
1607 532 1699 564 fines

331 583 534 616 transibant
558 583 751 616 relationis.

376 638 538 670 Attamen
570 638 721 671 affectus
754 638 863 671 animi
894 639 1015 671 minus
1040 648 1184 680 quoque
1207 639 1433 672 vehementes
1457 650 1520 681 per
1543 641 1698 683 gemina-

331 692 462 724 tionem
504 694 771 732 asseverantur,
809 702 921 734 aeque
963 703 1005 725 ac
1047 693 1220 728 vocabula
1262 702 1356 734 quae
1398 693 1518 726 minus
1553 703 1699 736 gravem

331 745 500 778 affectum
523 745 632 778 animi
655 745 824 788 indicant,
852 748 892 779 ut
915 747 1095 780 interdum
1119 756 1201 790 aye,
1228 746 1284 780 sic
1306 747 1475 780 affectum
1496 747 1697 790 patientiae.

331 800 458 840 Itaque
499 801 772 841 geminationem
811 801 860 833 ibi
899 802 1104 843 patientiam
1144 801 1328 834 affirmare
1365 802 1582 834 constituere
1619 811 1698 843 pos-

332 863 470 886 sumus.

375 907 613 940 Nihilominus
637 909 799 950 praefero
823 909 1037 942 vocabulum
1065 909 1319 942 ‘asseveratio'.
1347 910 1582 942 Asseveratur
1604 909 1698 941 enim

331 962 483 995 affectus
515 963 625 995 animi
650 963 711 1004 qui
735 963 772 995 in
797 966 839 1007 τῇ
861 966 963 1007 ψυχῇ
986 964 1078 996 inest
1101 964 1207 996 etiam
1230 966 1423 1005 antequam
1446 963 1623 996 indicatus
1646 965 1700 995 est

333 1016 504 1049 vocabulo
528 1025 600 1048 non
624 1017 813 1058 geminato,
841 1017 886 1049 de
909 1027 979 1058 qua
1005 1027 1043 1050 re
1065 1017 1159 1050 infra
1183 1017 1388 1060 diligentius
1411 1017 1598 1050 disseram.

379 1069 624 1112 Suspicionem
648 1073 766 1103 tamen
792 1071 866 1103 veri
891 1072 989 1104 solus
1014 1071 1257 1109 Quintilianus
1281 1072 1451 1104 habuisse
1473 1073 1589 1113 potest
1612 1071 1699 1104 haec

331 1125 508 1157 scribens:
535 1125 599 1166 „in
625 1125 862 1167 geminatione
886 1124 1011 1159 occidi
1034 1125 1158 1159 occidi
1180 1126 1332 1158 alterum
1355 1127 1409 1158 est
1432 1125 1529 1167 quod
1551 1125 1695 1166 indicat,

330 1179 482 1212 alterum
503 1179 599 1220 quod
620 1178 819 1221 affirmat'’,
839 1180 935 1221 quod
952 1182 1070 1213 tamen
1087 1190 1158 1213 non
1175 1190 1241 1222 pro
1257 1181 1353 1213 certo
1369 1180 1552 1213 affirmare
1567 1180 1695 1221 ausim,

331 1243 413 1265 cum
438 1233 559 1266 rhetor
582 1234 679 1274 quod
699 1234 745 1266 ad
766 1234 853 1266 alias
872 1234 1058 1276 opiniones
1077 1235 1201 1267 attinet
1218 1244 1299 1267 cum
1317 1234 1442 1267 ceteris
1458 1234 1699 1276 grammaticis

331 1287 530 1320 consentiat
553 1290 587 1320 et
611 1288 758 1320 eandem
784 1288 1026 1321 confusionem
1052 1288 1189 1331 prodat.

377 1342 538 1383 Denique
576 1352 595 1374 e
635 1342 815 1374 veteribus
851 1343 1041 1384 separatim
1077 1343 1121 1375 de
1156 1343 1294 1375 Donato
1328 1352 1444 1385 agam,
1482 1344 1604 1384 utpote
1637 1343 1699 1383 qui

332 1405 495 1428 seorsum
527 1396 571 1429 de
603 1396 756 1429 Terentii
787 1396 918 1429 fabulis
950 1397 1154 1430 tractaverit
1184 1398 1218 1429 et
1249 1397 1293 1430 de
1324 1396 1623 1439 geminationibus
1650 1396 1699 1429 ibi

331 1445 488 1483 in'ventis
513 1451 600 1483 satis
625 1451 735 1483 multa
759 1451 1014 1484 observaverit.

376 1505 429 1537 Ad
454 1505 564 1538 Andr.
591 1505 656 1538 282
681 1515 736 1547 sq.

376 1559 454 1592 282.
503 1560 621 1592 ADUL.
650 1560 784 1592 Memor
808 1559 952 1592 essem?
978 1559 1008 1592 Ο
1032 1558 1154 1602 Mysis
1167 1558 1310 1602 ‘Mysi-⁴5,
1336 1560 1441 1592 etiam
1466 1569 1562 1592 nunc
1586 1559 1672 1591 mihi

376 1613 452 1646 283.
505 1613 644 1655 Scripta
668 1614 726 1646 illa
751 1615 837 1646 sunt
860 1615 896 1645 in
921 1614 1040 1646 animo
1063 1613 1156 1648 dicta
1182 1613 1381 1655 Chrysidis.

332 1668 532 1700 annotavit:
562 1668 728 1709 ‘primum
753 1668 914 1709 vocandi,
942 1668 1093 1700 alterum
1117 1667 1325 1709 increpandi
1349 1667 1427 1700 est’.

377 1721 494 1762 Igitur
517 1723 772 1754 commentator
795 1722 887 1753 duos
911 1722 1020 1753 animi
1044 1721 1195 1754 affectus
1212 1731 1251 1753 se
1265 1721 1446 1753 invenisse
1461 1722 1574 1763 putat,
1595 1720 1699 1761 quasi

332 1775 483 1808 affectus
521 1775 728 1818 increpandi
767 1777 847 1818 post
882 1775 1038 1818 primum
1073 1775 1196 1819 Mysis
1230 1776 1374 1809 demum
1409 1776 1627 1809 adulescenti
1661 1775 1699 1808 in

332 1832 485 1862 mentem
510 1831 658 1863 venerit.

377 1884 429 1916 Ad
459 1885 568 1917 Andr.
600 1885 681 1918 684:
711 1884 790 1918 ‘ubi
812 1884 881 1918 ubi
903 1885 982 1918 erit'
1008 1885 1121 1918 addit:
1148 1886 1212 1927 „in
1237 1885 1352 1927 prima
1376 1886 1477 1927 parte
1501 1884 1572 1917 vim
1596 1893 1700 1917 suam

332 1941 437 1981 tenet,
478 1940 515 1972 in
554 1940 749 1981 posteriore
785 1940 970 1981 productio
1005 1942 1069 1973 est.
1109 1940 1174 1972 Est
1208 1949 1315 1981 quem
1351 1939 1396 1972 ad
1431 1939 1576 1972 modum
1611 1939 1701 1972 utut

334 2002 495 2036 quaqua
524 1994 629 2027 unde
658 1993 763 2027 unde
793 2004 858 2036 pro
889 1994 1098 2036 utcumque
1127 2002 1370 2036 quacumque
1391 1992 1698 2036 undecumque.”

334 2048 412 2080 Hoc
434 2048 510 2080 loco
534 2048 608 2080 fere
631 2048 717 2080 nihil
741 2049 786 2080 de
810 2048 1070 2090 significatione
1093 2048 1341 2089 geminationis
1365 2047 1473 2080 addit.

378 2102 430 2134 Ad
468 2102 611 2135 Phorm.
649 2102 731 2135 303:
772 2102 862 2135 ‘non
897 2111 977 2135 non
1012 2101 1064 2135 sic
1097 2101 1307 2134 futurumst’
1347 2103 1505 2135 Donatus
1540 2102 1699 2144 scripsit:

335 2157 510 2199 „moralis
541 2157 730 2198 abnegatio
761 2157 938 2197 frequenti
971 2156 1176 2197 repetitione
1206 2156 1349 2189 firmata
1379 2155 1475 2189 est.”
1518 2157 1595 2189 Hoc
1625 2157 1701 2189 loco

333 2212 590 2244 commentator
613 2211 648 2243 in
674 2211 912 2253 geminatione
934 2210 1052 2243 inesse
1075 2203 1374 2244 asseverationem
1398 2210 1497 2244 vidit.

379 2266 432 2299 Ad
456 2265 603 2307 Adelph.
631 2265 674 2298 32
699 2275 778 2307 sqq.

378 2321 432 2353 32.
482 2321 591 2362 Uxor,
619 2321 649 2352 si
673 2329 802 2361 cesses,
830 2322 892 2352 aut
915 2322 949 2352 te
972 2329 1092 2352 amare
1115 2319 1245 2361 cogitat

378 2375 432 2408 33.
482 2376 552 2407 Aut
577 2375 649 2408 tete
660 2374 688 2415 1)
714 2374 827 2407 amari
851 2375 913 2407 aut
937 2376 1060 2416 potare
1084 2376 1192 2416 atque
1215 2373 1335 2406 animo
1357 2373 1506 2415 obsequi

379 2429 432 2462 34.
483 2429 528 2461 Et
551 2429 614 2462 tibi
638 2429 728 2461 bene
751 2438 840 2469 esse,
869 2429 934 2461 soli
958 2428 1026 2461 sibi
1049 2438 1157 2470 quom
1182 2428 1227 2460 sit
1252 2428 1353 2461 male.

370 2607 396 2640 1)
435 2606 554 2634 Codices
581 2608 658 2634 inter
683 2615 714 2633 se
742 2606 924 2641 discrepant:
951 2610 1004 2632 aut
1029 2610 1059 2632 te
1085 2606 1099 2638 ΙΙ
1123 2606 1217 2633 amari
1243 2606 1282 2640 F.;
1308 2608 1361 2632 aut
1381 2606 1416 2632 de
1436 2607 1468 2632 te
1488 2605 1581 2632 amari
1601 2605 1700 2641 D.*v.;

334 2653 519 2682 Fleckeisen²
537 2653 611 2680 1898
631 2654 781 2689 proposuit
800 2653 938 2680 helluari.
