1932 3121
823 553 1081 609 CAPUT
1127 554 1162 608 Ι.

508 685 623 723 Quid
656 695 741 718 vox
772 686 1103 727 geminationis
1135 687 1477 728 complectatur.

351 802 441 836 Cum
473 802 674 835 Woelfflino
682 802 711 844 1)
744 803 901 845 figuram
932 804 1181 846 geminationis
1210 805 1329 836 statuo
1351 813 1431 836 esse
1453 804 1674 838 iterationem

304 856 464 889 eiusdem
483 856 656 899 vocabuli,
675 856 798 889 eadem
815 857 930 890 forma
946 855 1073 899 iterati,
1094 857 1171 890 sine
1186 857 1258 890 ulla
1274 857 1441 890 dilatione
1452 859 1515 891 aut
1526 858 1676 893 alterius

305 911 468 943 vocabuli
497 910 691 943 adiectione
705 909 788 943 ‘uno
811 913 934 944 tenore
956 911 1223 953 pronuntiatam
1231 910 1274 953 2),
1301 910 1371 943 nisi
1394 912 1491 953 quod
1513 912 1674 949 interiec-

303 963 418 996 tiones
448 965 483 996 et
513 964 726 1005 pronomina
756 963 866 997 inseri
898 966 1061 1006 possunt,
1087 964 1221 1006 quibus
1244 973 1359 997 nexus
1383 964 1575 998 verborum
1598 975 1671 999 non

303 1012 455 1050 solvitur
462 1017 492 1059 3)
511 1018 608 1050 velut
625 1017 692 1059 eoei,
712 1016 887 1060 inquam,
908 1017 980 1058 θείς
998 1016 1168 1059 Bacchis,
1189 1027 1212 1051 ο
1229 1027 1316 1051 mea
1331 1017 1506 1059 ΒασσΙιίες
1524 1018 1676 1061 aperite

242 1095 247 1098 -
302 1070 374 1104 Ιιοο
407 1070 564 1114 aperite.
601 1072 724 1113 Neque
757 1072 877 1104 minus
912 1071 1185 1114 geminationem
1217 1065 1343 1104 adesse
1373 1064 1503 1114 statuo,
1538 1072 1569 1104 si
1598 1072 1674 1105 duo

304 1126 477 1159 vocabula
507 1126 694 1167 iterantur,
722 1135 815 1167 quae
845 1127 918 1159 tam
942 1127 1019 1159 arte
1041 1126 1133 1159 inter
1157 1134 1196 1159 se
1219 1135 1378 1159 connexa
1401 1126 1473 1159 sint
1496 1127 1536 1159 ut
1558 1136 1671 1160 unam

302 1180 514 1213 sententiam
529 1180 733 1221 praebeant,
754 1180 850 1212 velut
862 1179 975 1213 nulla
986 1189 1084 1221 sum,
1103 1178 1216 1213 nulla
1227 1189 1314 1213 sum
1328 1179 1460 1222 (Plaut.
1475 1180 1558 1214 Cas.
1568 1179 1669 1223 821),

300 1234 397 1276 quod
420 1234 514 1267 idem
539 1234 631 1267 valet
655 1236 762 1275 atque
780 1233 887 1275 perii
905 1233 1020 1277 perii,
1041 1232 1166 1267 occidi
1181 1233 1316 1267 occidi.
1341 1234 1445 1272 Quod
1461 1234 1507 1267 ad
1523 1235 1673 1277 copulas

301 1289 337 1321 et
375 1297 421 1321 ac
455 1288 573 1331 atque
607 1297 681 1331 que
719 1288 860 1330 attinet,
898 1298 919 1321 a
959 1288 1159 1321 Woelfflino
1193 1288 1402 1331 discrepans
1436 1282 1503 1322 has
1536 1289 1669 1322 iustam

300 1343 574 1385 geminationem
599 1352 671 1375 non
696 1342 837 1376 efficere
860 1342 1026 1384 arbitror,
1053 1343 1116 1376 sed
1139 1343 1258 1385 potius
1281 1343 1524 1376 adiectionem.

344 1397 472 1438 Itaque
500 1397 538 1429 in
570 1397 637 1429 hoc
667 1397 840 1438 opusculo
872 1405 951 1429 meo
981 1398 1121 1430 tantum
1144 1406 1249 1440 agam
1273 1397 1318 1430 de
1339 1397 1521 1440 exemplis,
1547 1397 1670 1439 qualia

300 1445 402 1484 sunt:
422 1451 503 1484 tace
520 1451 610 1492 tace,
631 1459 745 1484 mane
760 1459 884 1490 mane,
904 1449 1065 1485 minime
1076 1450 1248 1493 minime,
1262 1451 1451 1485 memento
1463 1452 1665 1493 memento,

297 1504 481 1547 ,Iuppiter
509 1513 588 1547 pro
622 1503 807 1546 Juppiter
842 1503 992 1546 (inserta
1026 1504 1295 1547 interiectione),
1334 1514 1356 1538 ο
1388 1504 1505 1538 stulte
1536 1505 1667 1546 stulte,

299 1557 459 1592 Bacchis
482 1568 504 1592 ο
529 1567 615 1591 mea
638 1556 808 1600 Bacchis,
835 1556 983 1601 aperite
1005 1557 1076 1592 hoc
1099 1557 1247 1601 aperite
1268 1559 1335 1592 cet.
1353 1568 1466 1601 eaque
1481 1559 1532 1592 sic
1547 1568 1667 1592 recen-

298 1623 376 1646 sere
414 1615 448 1645 et
485 1613 706 1654 distinguere
741 1612 903 1654 studebo,
941 1614 981 1645 ut
1016 1613 1078 1654 qui
1113 1613 1223 1645 animi
1256 1613 1407 1646 aflectus
1441 1613 1478 1645 in
1513 1614 1669 1655 singulis

297 1667 597 1710 geminationibus
621 1666 716 1708 insit,
744 1668 865 1708 aperte
888 1668 922 1699 et
945 1667 1098 1700 dilucide
1120 1669 1301 1709 appareat.
1313 1665 1343 1709 4)

333 1775 344 1797 l
396 1777 415 1803 l.
435 1777 454 1803 l.
534 1797 540 1803 .
561 1775 625 1803 425.

331 1777 358 1856 ²3
395 1784 727 1857 Hancngminationem
748 1823 778 1849 in
800 1823 854 1849 hoc
873 1823 1014 1857 opusculo
1035 1822 1186 1849 brevitatis
1203 1829 1292 1849 causa
1311 1822 1452 1849 iustam
1472 1823 1518 1849 vel
1537 1830 1665 1850 veram

293 1869 455 1903 appellabo.

330 1915 356 1946 ³)
394 1914 437 1942 Cf.
457 1915 583 1950 Spengel
604 1915 689 1942 Rhet.
709 1914 758 1941 Gr.
779 1914 829 1948 111,
848 1913 914 1948 182,
933 1914 970 1941 26
992 1915 1168 1948 Anonymns
1180 1912 1248 1948 περὶ
1262 1912 1437 1949 σχημάτωνι
1457 1912 1490 1941 τὸ
1503 1912 1558 1950 γὰρ
1575 1917 1662 1942 ταῦτα

291 1960 477 1996 μεσολαβοῦν
495 1959 531 1988 οὗ
551 1959 689 1988 καταλύει
709 1959 742 1987 τὸ
761 1962 872 1996 σχῆμα,
891 1958 954 1987 οἷον
973 1958 1038 1987 ιοὐκ
1059 1958 1118 1987 ἔστι
1138 1962 1237 1994 ταῦτα,
1257 1958 1314 1987 οὐκ
1334 1956 1429 1987 ἔστιν’.

329 2008 355 2041 4)
395 2009 428 2036 Η.
457 2008 620 2043 Werniuke,
640 2009 692 2044 qui
719 2016 814 2042 nuper
840 2007 920 2042 (diss.
941 2008 1090 2035 Rostochii
1110 2007 1196 2042 1912)
1216 2008 1252 2035 de
1271 2009 1479 2043 geminationis
1499 2007 1611 2044 figurae
1630 2009 1664 2036 in

292 2055 474 2083 orationibus
488 2055 601 2083 Latinis
616 2063 671 2082 usu
688 2055 812 2089 scripsit,
827 2055 896 2082 huic
911 2054 1023 2089 figurae
1038 2055 1127 2081 nimis
1141 2055 1272 2089 amplam
1285 2054 1532 2090 significationem
1545 2055 1662 2088 tribuit,

293 2106 396 2137 utpote
415 2103 467 2137 qui
489 2102 633 2129 eiusmodi
653 2102 787 2137 exempla
806 2102 925 2129 afferat:
946 2102 1080 2129 moritur
1097 2102 1132 2129 in
1152 2101 1254 2129 Gallia
1276 2101 1442 2137 Quinctius,
1460 2110 1530 2130 cum
1545 2102 1663 2130 adesset

292 2149 422 2177 Naeuius
451 2153 481 2176 et
506 2150 640 2176 moritur
664 2150 831 2184 repentino.
863 2149 1001 2176 Civitatis
1026 2157 1116 2176 auum
1140 2152 1229 2184 putat
1255 2157 1319 2177 esse
1344 2150 1503 2180 iudicium,
1530 2153 1559 2177 et
1583 2153 1666 2177 recle

289 2199 388 2231 putat.
414 2196 550 2223 Fuerunt
574 2199 604 2224 et
628 2196 796 2231 complures
822 2196 948 2230 fuer-unt
975 2198 1007 2224 et
1031 2196 1090 2223 alia
1116 2196 1240 2224 huiusce
1266 2196 1346 2223 modi
1365 2197 1470 2223 multa.
1497 2195 1610 2229 Quibus
1627 2197 1659 2223 in

291 2242 431 2278 exemplis
456 2251 474 2270 a
498 2243 667 2272 Wernickio
694 2243 814 2271 nomine
840 2243 1048 2278 geminationis
1073 2243 1251 2278 compositae
1277 2243 1375 2271 allatis
1399 2243 1474 2271 illud
1501 2243 1664 2279 repentino

291 2290 336 2317 vel
362 2294 439 2317 recte
464 2290 509 2317 vel
536 2291 705 2325 complures
731 2290 904 2318 adiectionis
930 2291 991 2318 vice
1017 2290 1101 2325 fungi
1127 2290 1253 2317 videtur.
1280 2290 1386 2325 Neque
1405 2290 1480 2317 mihi
1498 2290 1660 2324 geminatio

290 2336 465 2376 appellanda
502 2337 618 2363 videtur
657 2336 761 2372 figura,
797 2344 887 2372 quam
928 2336 1116 2365 wernickius
1151 2336 1289 2364 brevitati
1324 2336 1466 2371 loquendi
1500 2336 1664 2372 indulgens

288 2381 515 2418 ‘repetitionem’
541 2386 625 2411 vocat
649 2384 722 2411 haec
747 2384 882 2418 exempla
908 2383 1048 2411 afferens:
1074 2383 1120 2411 Ne
1146 2383 1219 2411 haec
1244 2382 1369 2418 quidem
1395 2383 1456 2410 duo
1479 2383 1569 2418 signa
1585 2384 1657 2419 pul—

288 2430 450 2464 cherrima,
479 2429 551 2457 }uzec
580 2430 669 2464 signa
694 2430 754 2457 duo
779 2421 843 2457 cet.¹
860 2430 949 2457 Mitto
975 2430 1085 2464 vincla,
1111 2430 1200 2456 mino
1226 2437 1388 2464 carcerem,
1413 2430 1502 2457 mitto
1526 2430 1657 2465 verbera,

288 2477 377 2503 mitto
401 2483 528 2509 secures,
547 2484 666 2503 crucem
691 2476 824 2511 denique
842 2476 931 2503 illam
947 2477 1171 2511 praetermitto,
1191 2484 1285 2511 quam
1304 2476 1361 2503 itte
1378 2476 1490 2504 civibus
1508 2476 1660 2505 Romanis

288 2527 393 2552 testem
414 2523 610 2550 huminitatic
628 2523 662 2550 in
681 2530 729 2550 eos
749 2531 784 2550 ac
803 2523 1025 2550 benevolentiae
1043 2531 1118 2551 auae
1137 2523 1231 2550 voluit
1250 2530 1320 2558 esse,
1338 2524 1429 2551 mitto
1441 2523 1571 2559 inquam
1586 2524 1663 2552 haec

285 2571 390 2598 omnia
410 2590 417 2597 .
438 2590 445 2596 .
466 2590 472 2596 .
495 2590 501 2596 .
522 2572 577 2596 cet.
