1932 3121
1033 277 1076 308 34

370 380 447 414 685.
498 380 592 413 ΕΒΑ.
619 379 724 422 Quid3
745 379 898 413 mulier?
914 380 1006 413 Ano.
1027 379 1155 413 Mulier
1171 380 1350 414 meretrix.
1370 380 1464 413 ΕΒΑ.
1483 380 1599 413 Veron
1616 378 1742 414 serio?

371 488 447 522 689.
497 489 577 521 ANc
581 513 814 522 .......
842 489 943 521 Illam
967 498 1047 521 esse
1069 489 1219 523 amicam
1244 490 1297 522 tui
1321 490 1388 522 viri
1410 488 1605 522 bellissimi.

774 606 972 640 Pseudolus
998 606 1084 640 1320
1110 606 1198 647 (keu
1221 606 1331 650 heu):

557 680 652 708 Senex
679 689 696 708 a
721 689 805 709 servo
828 689 881 709 suo
900 681 1050 717 deceptus,
1069 689 1199 717 quocum

521 729 626 757 foedus
656 730 816 765 pepigerat,
845 737 882 757 ne
908 737 1010 756 servus
1035 729 1201 764 puniretur,

520 776 545 803 si
563 776 720 803 consilium
740 776 767 804 ei
787 776 983 804 successisset.
1002 774 1185 809 (508-515).

373 841 470 875 1316.
488 871 492 875 .
522 841 614 875 SEN.
643 841 737 880 Quid
756 851 822 884 ego
839 842 921 875 huic
937 841 1072 874 homini
1087 835 1215 875 faciam
1226 841 1244 875 ἓ
1272 842 1374 876 Satin
1390 842 1484 875 ultro
1499 844 1533 875 et
1549 843 1740 885 argentum

1304 896 1421 929 aufert
1444 898 1478 929 et
1501 906 1557 929 me
1579 894 1740 929 inridet?

373 950 470 983 1317.
523 949 642 983 SERV.
669 950 741 982 Vae
765 950 878 982 victis.
907 949 998 983 SEN.
1026 950 1133 982 Vorte
1154 959 1241 992 ergo
1264 959 1440 983 umerum.

374 1004 470 1038 1318.
523 1004 641 1037 SERv.
670 1004 749 1037 Em.
779 1003 871 1037 San.
899 1004 976 1037 Hoc
998 1013 1065 1046 ego
1088 1013 1288 1046 numquam
1311 1005 1414 1037 ratus
1438 1014 1518 1037 sum

373 1058 470 1092 1319.
521 1059 611 1091 Fore
634 1068 690 1091 me
713 1060 753 1091 ut
777 1058 840 1091 tibi
863 1058 986 1091 fierem
1011 1058 1173 1100 supplex.

373 1112 470 1145 1320.
520 1111 634 1155 †Heu
656 1112 740 1146 keu.
771 1112 890 1145 SERV.
920 1113 1058 1145 Desine.
1096 1111 1187 1146 SEN.
1224 1113 1342 1146 Doleo.
1380 1112 1499 1146 SERV.
1533 1113 1577 1146 Ni
1600 1112 1754 1149 doleres,

1402 1170 1454 1210 tu,
1480 1177 1546 1210 ego
1569 1167 1738 1200 dolerem.

372 1272 582 1318 Patientiae
594 1295 602 1317 ι

808 1349 1021 1391 Amphitruo
1046 1348 1129 1382 1101
1157 1347 1277 1391 (utut)
1291 1358 1299 1381 :

557 1424 734 1458 Amphitruo
760 1431 828 1450 cum
848 1423 964 1457 ancilla,
983 1430 1060 1458 quae
1080 1425 1199 1457 partum

522 1470 681 1498 Alcmenae
702 1474 812 1506 narrat,
831 1470 973 1506 loquitur.

373 1538 469 1571 1084.
989 1538 1061 1570 ΑΜ.
1087 1538 1131 1570 At
1154 1547 1211 1578 me
1234 1547 1326 1570 uxor
1348 1538 1517 1570 insanum
1540 1537 1624 1570 facit

372 1592 469 1626 1085.
522 1592 606 1625 Suis
614 1592 727 1625 foedis
735 1592 850 1626 factis.
867 1592 958 1625 ANC.
971 1592 1015 1625 At
1022 1601 1088 1635 ego
1097 1592 1223 1626 faeiam
1233 1593 1273 1626 tu
1281 1591 1375 1626 idem
1383 1593 1424 1626 ut
1432 1591 1533 1626 aliter
1542 1590 1738 1634 praedices,

373 1700 471 1733 1088.
520 1701 689 1734 Omnium
715 1701 870 1743 primum
895 1701 1086 1734 Alcumena
1110 1701 1272 1743 geminos
1296 1701 1432 1743 'peperit
1454 1701 1558 1735 filios.

374 1755 470 1789 1089.
521 1756 593 1788 ΑΜ.
620 1756 686 1788 Ain
710 1758 761 1796 tu,
790 1754 979 1798 geminos?
1004 1756 1095 1789 ΑΝΟ.
1123 1755 1304 1789 Geminos.
1331 1755 1404 1788 AM.
1432 1755 1473 1788 Di
1497 1764 1553 1788 me
1576 1755 1736 1788 servant.

1301 1810 1392 1843 Ano.
1422 1810 1507 1844 Sine
1529 1819 1586 1843 me
1608 1809 1738 1851 dicere,

374 1865 470 1899 1090.
521 1866 566 1899 Ut
590 1866 683 1898 scias
706 1865 770 1898 tibi
793 1867 947 1907 tuaeque
969 1866 1073 1898 uxori
1097 1866 1183 1899 deos
1205 1875 1286 1899 esse
1308 1866 1426 1898 omnis
1449 1865 1631 1907 propitios.

373 1919 470 1952 1091.
521 1920 594 1953 ΑΜ.
620 1920 781 1961 Loquere
827 1944 1666 1953 ...............

530 1997 1667 2007 οοοοοοοοοοοοοοοοοοοο

372 2027 470 2060 1100.
521 2027 612 2059 ANc.
637 2027 692 2059 Ita
711 2027 868 2069 profecto
888 2028 965 2061 sine
983 2028 1104 2061 dolore
1120 2028 1266 2071 peperit.
1289 2027 1362 2060 ΑΜ.
1385 2027 1461 2060 Iam
1476 2027 1569 2061 istuc
1584 2027 1737 2071 gaudeo,

372 2082 470 2115 1101.
527 2080 619 2115 Utut
641 2091 726 2124 erga
751 2092 805 2115 me
829 2083 998 2115 meritast.
1664 2096 1669 2102 ·

804 2200 967 2234 Asinaria
990 2200 1056 2234 327
1082 2199 1171 2243 (aye
1194 2198 1301 2243 aye):

536 2274 645 2302 Servus
669 2282 806 2302 conservo
833 2275 979 2310 patienter
1005 2275 1131 2302 fortasse
1156 2275 1200 2302 ira

498 2322 545 2349 vel
564 2321 754 2349 festinatione
773 2330 946 2357 compressa.

370 2389 447 2422 325.
500 2387 621 2421 SERv.
647 2387 742 2425 Quin
759 2397 832 2420 rem
849 2389 1006 2421 actutum
1024 2387 1192 2421 edisseris
1203 2386 1221 2420 ἓ
1247 2387 1360 2430 Cupio
1375 2388 1509 2421 malum
1525 2387 1736 2421 nanciscier.

370 2444 448 2478 326.
499 2443 616 2477 CONS.
650 2443 790 2495 Placide
820 2453 906 2485 ergo
928 2453 1043 2476 unum
1067 2442 1241 2484 quidquid
1266 2442 1392 2485 rogita,
1427 2444 1468 2476 ut
1491 2442 1738 2484 adquiescam:

370 2553 447 2586 327.
497 2552 554 2585 Me
583 2561 627 2584 ex
657 2561 809 2585 cursura
841 2552 1035 2585 anhelitum
1066 2552 1171 2585 etiam
1202 2551 1359 2585 ducere?
1393 2551 1512 2586 Suav.
1541 2497 1740 2595 Ἑξενοιιῗσῗ

1571 2615 1742 2639 mansero

370 2661 447 2695 328.
497 2661 575 2694 Tuo
598 2661 785 2703 arbitratu,
814 2661 868 2694 vel
892 2661 980 2695 adeo
1003 2671 1120 2704 usque
1142 2661 1229 2694 dum
1255 2661 1361 2704 peris.
