1932 3121
0 0 70 20 1“'‘³{³*
73 0 159 17 ....

891 298 935 331 49

229 404 310 437 713.
361 401 642 445 SnRv.·(1emm·).
669 402 744 444 Age
760 401 885 444 ‚accipe
908 401 975 434 hoc
998 402 1066 434 sis:
1091 401 1168 434 heic
1191 403 1276 433 sunt
1301 401 1476 433 numerati
1498 401 1597 433 aurei

230 457 310 490 714.
359 456 520 489 Trecenti
543 455 689 489 nummi
705 455 768 497 qui
792 456 967 488 vocantur
991 455 1174 498 Philippei.

229 512 309 545 715.
360 510 453 543 Hinc
476 520 533 543 me
554 520 725 552 procura:
751 519 901 552 propere
924 510 1031 544 hosce
1052 511 1195 552 apsumi
1220 511 1310 543 volo.

232 565 310 598 716.
359 565 482 596 LENO.
508 564 643 605 Edepol
665 563 780 596 fecisti
802 563 1004 605 prodigium
1027 573 1193 606 promum
1218 564 1293 604 tibi,

230 618 311 652 717.
358 618 433 661 Age
451 627 575 651 eamus
595 617 701 651 intro.
727 616 846 651 SERV.
869 617 919 651 Te
937 627 1079 660 sequor.
1103 618 1225 652 LENO.
1247 616 1329 661 Aye
1348 627 1421 661 aye
1435 617 1596 651 ambula:

229 674 310 706 718.
361 672 416 705 Ibi
439 682 532 713 quae
554 672 686 705 relicua
710 672 778 705 alia
802 672 1054 706 fabulabimur.

232 825 276 857 B.
326 825 388 857 Ex
413 824 626 858 Terentio
638 825 681 866 1).

229 907 536 941 Adhortationis:
1082 921 1085 924 ¹

657 954 836 996 Adelphoe
857 953 923 987 877
947 955 1037 997 (aye
1059 953 1144 997 aye)
1155 964 1163 986 ε

400 1013 511 1040 Demea
526 1021 615 1040 senex
625 1013 687 1048 ipse
697 1022 727 1040 se
737 1014 911 1041 adhortatur
922 1018 954 1041 ut
964 1022 1060 1041 mores

362 1062 469 1087 mutet.

229 1109 311 1142 877.
361 1108 445 1153 Aye
467 1119 539 1153 aye
561 1120 658 1144 nune
680 1121 788 1153 porro
810 1111 1035 1153 experiamur
1058 1113 1181 1145 contra
1205 1111 1332 1152 ecquid
1355 1120 1421 1153 ego
1440 1109 1594 1152 possiem

230 1163 312 1197 878.
363 1164 499 1197 Blande
511 1164 628 1198 dicere
640 1167 703 1198 aut
716 1165 869 1208 benigne
876 1165 1002 1208 iacere,
1013 1166 1159 1207 quando
1167 1166 1235 1198 hoc
1242 1167 1412 1207 provocat
1422 1164 1472 1207 (sc.
1481 1163 1595 1206 frater).

229 1218 313 1257 879.
362 1219 440 1260 Ego
463 1228 606 1260 quoque
629 1229 649 1252 a
673 1219 760 1252 meis
783 1229 841 1252 me
862 1221 975 1253 amari
998 1222 1032 1252 et
1056 1220 1177 1262 magni
1200 1220 1306 1261 pendi
1330 1219 1483 1261 postulo.

230 1270 312 1305 88οζ
365 1272 403 1305 Si
426 1272 460 1305 id
485 1272 526 1305 fit
549 1272 668 1306 dando
691 1276 798 1314 atque
820 1272 1059 1315 obsequendo,
1087 1283 1159 1306 non
1183 1273 1397 1315 posteriores
1418 1272 1545 1305 feram.

232 1332 520 1393 Admiratiouis:

566 1414 743 1457 Adelphoe
765 1414 829 1448 394
856 1414 1044 1458 (quantus
1068 1415 1268 1458 quantus»

399 1473 508 1502 Servus
541 1482 609 1502 cum
645 1474 754 1503 Demea
781 1482 850 1503 sene
878 1475 987 1503 ironice
1014 1476 1058 1503 lo-

363 1521 475 1557 quitur,
494 1521 546 1556 qui
564 1524 651 1556 putat
668 1530 699 1549 se
719 1521 813 1549 filium
828 1523 955 1550 alterum
968 1530 1057 1549 suum

363 1568 437 1596 bene
456 1568 602 1596 educasse.
624 1568 759 1596 Alterum
778 1571 880 1596 tamen
899 1569 984 1596 fratri
1004 1577 1057 1596 suo

363 1614 551 1643 educandum
588 1614 717 1650 dederat,
751 1615 804 1651 qui
837 1615 1057 1649 adulescentem

363 1665 464 1697 potare
483 1665 514 1700 et
532 1670 633 1691 amare
651 1670 753 1697 passus
771 1666 825 1697 est,
844 1663 880 1690 cf.
899 1661 1055 1690 lob—103.

232 1712 314 1746 388.
366 1738 521 1746 .....
551 1713 696 1746 SENEX.
723 1712 845 1751 Quid?
869 1713 984 1746 Istaec
1007 1713 1078 1746 iam
1097 1722 1205 1755 penes
1225 1722 1290 1746 vos
1312 1713 1398 1755 (eain
1413 1722 1491 1745 domo
1499 1722 1598 1750 fratris

771 1777 849 1805 senis,
865 1777 912 1805 qui
926 1777 1044 1800 alterum
1060 1776 1147 1804 fllium
1165 1766 1360 1809 adoptaverat.)
1385 1767 1567 1809 psaltl'iast
1578 1767 1596 1800 ’.ἓ

233 1822 313 1855 389.
366 1822 485 1856 SERV.
513 1823 625 1855 Ellam
650 1823 758 1855 intus.
788 1822 879 1856 SEN.
906 1823 995 1863 Eho,
1022 1832 1069 1855 an
1093 1822 1223 1855 domist
1246 1821 1464 1855 habiturus?

1012 1876 1020 1880 “’
1181 1875 1300 1909 SERv.
1328 1876 1453 1918 Credo,
1480 1878 1521 1909 ut
1543 1878 1598 1909 est

234 1930 313 1964 390.
365 1931 558 1965 Dementia.
587 1931 677 1965 SEN.
705 1932 839 1965 Haecin
863 1929 957 1964 fieri!
985 1930 1104 1964 SERV.
1132 1931 1258 1972 Inepta
1280 1930 1408 1964 lenitas

233 1984 313 2018 391.
365 1985 481 2019 Patris
507 1985 664 2029 (εαραινηῑ
680 1995 726 2024 qm·
742 1995 935 2018 adulescentem
950 1984 1145 2028 adoptaverat.)
1170 1987 1205 2018 et
1227 1985 1378 2018 facilitas
1401 1994 1524 2028 prava.

855 2046 857 2048 '
943 2032 945 2035 ¹
1096 2039 1187 2073 SEN.
1214 2040 1351 2072 Fratris
1374 2049 1431 2072 me
1454 2040 1598 2081 quidem

237 2093 313 2127 392.
364 2095 477 2128 Pudet
500 2095 676 2138 pigetque.
706 2095 825 2128 SERV.
851 2094 1006 2127 Nimium
1029 2094 1122 2127 inter
1145 2102 1221 2135 vos,
1249 2094 1388 2136 Demea,

238 2149 314 2182 393.
366 2149 460 2192 (Non
483 2150 567 2192 quia
591 2150 676 2183 ades
699 2158 868 2192 praesens
891 2149 969 2181 dico
992 2147 1073 2190 hoc)
1099 2147 1312 2189 pernimium
1336 2148 1494 2181 interest.

237 2202 314 2236 394.
364 2203 418 2236 Tu
443 2204 616 2247 quantus
640 2202 824 2248 quantu’a
846 2203 896 2235 nil
919 2203 987 2235 nisi
1011 2202 1183 2244 sapientia
1206 2211 1255 2244 es,

239 2256 315 2290 395.
366 2258 430 2291 Ille
453 2258 642 2292 somnium.

236 2346 529 2381 Admonitionis:
1091 2353 1093 2355 '
1144 2381 1146 2383 .

636 2392 834 2425 Eunuchus
857 2391 922 2424 337
947 2390 1055 2433 (heae
1076 2389 1201 2432 heus):

402 2451 497 2479 Verba
521 2452 600 2479 senis
624 2451 778 2479 cuiusdam
803 2459 821 2478 a
839 2450 969 2477 Chaerea
987 2450 1061 2477 adu-

365 2498 528 2527 lescentulo
548 2498 650 2526 relata.

235 2549 315 2583 335.
365 2551 483 2584 ADUL.
512 2550 690 2584 Continuo
713 2549 871 2584 adcurrit
893 2549 939 2583 ad
963 2559 1029 2591 me,
1056 2559 1165 2591 quam
1190 2549 1296 2592 longe
1318 2550 1473 2592 quidem,

235 2603 315 2637 336.
366 2605 553 2646 Ineurvos,
579 2604 766 2645 tremulus,
793 2603 896 2637 labiis
918 2603 1094 2644 demissis,
1121 2613 1285 2645 gemens:

275 2688 314 2723 1)'
338 2689 464 2717 Textum
485 2693 605 2717 secutus
623 2698 690 2717 sum
711 2689 899 2724 Fleckeiseni,
919 2689 954 2716 ed
974 2690 1025 2716 alt.
1044 2687 1152 2723 (1898).

1467 2736 1486 2764 4
