1932 3121
981 260 1024 294 58

753 378 920 411 Phormio
944 378 1010 412 662
1036 378 1124 422 (aye
1146 377 1251 422 aye):

480 464 623 499 Demipho
659 473 747 493 senex
782 472 850 492 cum
880 472 973 498 servo,
1000 464 1053 499 qui
1082 465 1145 492 seni

443 519 550 538 aurum
570 511 682 546 eripere
701 512 812 545 studet,
833 512 975 546 loquitur.

311 575 390 609 656.
443 575 563 609 SERV.
593 575 687 619 (verba
704 586 767 614 ficta
782 586 898 614 parasiti
914 576 1045 618 afferem)
1074 601 1230 610 .....
1260 576 1376 610 ‘etiam
1401 586 1508 619 nunc,
1543 577 1574 609 si
1597 576 1684 609 mihi

1414 630 1487 663 volt
1511 630 1684 672 Demipho

310 683 390 717 657.
442 684 534 718 Dare
557 685 804 732 quantumlab
828 685 894 718 hac
917 684 1063 727 accipio,
1090 694 1184 727 quae
1207 686 1375 727 sponsast
1398 684 1496 726 mihi,

310 738 390 771 658.
440 738 582 772 Nullam
606 739 693 772 mihi
718 739 836 772 malim
861 749 969 781 quam
994 739 1109 772 istanc
1133 749 1281 773 uxorem
1305 738 1410 773 dari.’

309 847 379 882 660
381 873 707 882 ......
760 848 907 882 8ΕΝΕΧ.
936 847 1020 892 Aqe
1041 857 1123 892 aye,
1151 848 1221 882 iam
1245 848 1369 883 ducat:
1393 847 1496 882 dabo.

734 985 913 1027 Adelphoe
936 985 1001 1019 853
1028 984 1125 1028 (iam
1149 984 1265 1028 iam):

481 1070 590 1097 Demea
596 1077 684 1096 senex
693 1077 826 1096 morosus
835 1077 852 1096 a
859 1070 916 1096 frat
921 1077 951 1096 re
959 1078 1013 1096 suo
1020 1069 1144 1097 Mieione

441 1116 621 1151 perducitur,
642 1120 676 1143 ut
694 1117 734 1144 sit
753 1116 852 1144 minus
871 1117 1069 1144 truculentus.

310 1192 390 1225 835.
755 1193 908 1225 DEMEA.
936 1193 987 1225 Ne
1011 1193 1160 1225 nimium
1185 1193 1290 1225 modo

312 1246 390 1280 836.
442 1247 563 1280 Bonae
586 1249 670 1280 tuae
692 1248 783 1280 istae
806 1257 872 1280 nos
896 1247 1063 1289 rationes,
1090 1247 1203 1289 Micio,

310 1301 390 1333 837.
441 1301 487 1334 Et
509 1303 592 1334 tuos
616 1301 683 1334 iste
706 1302 849 1334 animus
873 1311 1007 1343 aequos
1030 1299 1235 1334 subvortat!
1259 1302 1393 1334 Mlclo.
1421 1301 1528 1334 Tace:

312 1356 390 1389 838.
440 1356 519 1389 Non
543 1356 616 1390 fiet.
643 1356 741 1389 Mitte
764 1357 835 1389 iam
858 1355 983 1389 istaec:
1008 1356 1053 1389 da
1076 1358 1111 1389 te
1134 1356 1239 1389 hodie
1261 1355 1364 1389 mihi:

312 1410 390 1444 839.
441 1411 608 1453 Exporge
631 1411 796 1444 frontem.
827 1411 979 1444 DEMEA.
1009 1410 1144 1444 Scilicet
1169 1411 1217 1444 ita
1241 1412 1383 1452 tempus
1407 1410 1486 1452 fert,

312 1465 390 1498 840.
442 1465 712 1498 Faciundumst.
739 1465 905 1498 Ceterum
929 1475 995 1507 ego
1019 1474 1082 1497 rus
1106 1474 1187 1498 cras
1210 1474 1291 1497 cum
1316 1464 1389 1498 tilio

311 1520 390 1553 841.
441 1520 531 1553 Cum
561 1520 676 1562 primo
703 1520 773 1552 luci
804 1519 863 1552 ibo
887 1519 979 1552 hinc.
1015 1520 1137 1552 M1c1o
1164 1518 1306 1561 (ironiae).
1342 1519 1391 1552 De
1414 1520 1516 1552 nocte
1539 1527 1681 1551 censeo:

309 1628 389 1661 852.
441 1600 592 1661 ὗΕΜΕΑ.
622 1627 795 1661 Derides?
821 1626 1067 1670 Fortunatu’s,
1095 1628 1157 1670 qui
1181 1628 1249 1661 isto
1273 1628 1392 1661 animo
1416 1628 1498 1661 sies.

310 1683 389 1716 853.
439 1684 516 1725 Ego
526 1683 640 1716 sentio
651 1707 748 1716 .....
761 1683 894 1715 M1010.
913 1683 965 1715 Ah
975 1682 1167 1725 pergisne?
1184 1683 1336 1715 DEMEA.
1350 1681 1435 1716 Iam
1448 1681 1529 1716 iam
1543 1682 1677 1715 desino.

310 1738 389 1770 854.
439 1738 572 1770 M1clo.
606 1738 623 1769 I
647 1747 733 1779 ergo
756 1737 863 1778 intro,
897 1738 931 1769 et
954 1737 1039 1778 quoi
1062 1738 1112 1770 rei
1136 1739 1201 1779 est,
1235 1737 1265 1770 ei
1290 1737 1340 1770 rei
1364 1746 1551 1777 sumamus
1574 1737 1677 1770 diem.

311 1889 630 1922 Perturbationis:

793 1964 926 1998 Andria
953 1965 1015 1998 125
1042 1964 1194 2008 (attat):

477 2048 570 2076 Senex
605 2048 703 2076 Sosiae
739 2049 845 2077 liberto
876 2049 955 2077 fideli
984 2052 1086 2076 narrat
1111 2050 1142 2076 in

439 2095 591 2130 Chrysidis
610 2096 764 2124 funeribus
783 2104 801 2124 a
820 2104 851 2124 se
871 2099 1058 2132 conspectam
1078 2104 1141 2124 esse

439 2143 503 2170 eius
521 2151 648 2171 sororem
668 2144 908 2178 pulcherrimam,
928 2144 1089 2179 statimque
1109 2152 1140 2171 se

439 2190 620 2224 suspicatum
641 2198 704 2217 esse
724 2198 789 2218 eam
812 2190 864 2217 filii
884 2199 948 2218 esse
968 2191 1103 2218 amicam.

310 2265 387 2298 117.
440 2264 576 2297 ΞΕΝΕΧ
602 2290 793 2298 ......
821 2266 962 2299 Interea
986 2266 1079 2299 inter
1103 2266 1281 2307 mulieres,

311 2319 386 2352 118.
436 2318 539 2357 Quae
561 2319 610 2351 ibi
634 2320 793 2361 aderant,
820 2320 912 2353 forte
935 2330 1046 2353 unam
1070 2320 1203 2364 aspicio
1227 2319 1541 2362 adulescentulam,

312 2374 386 2406 119.
438 2374 568 2406 Forma
595 2373 657 2405 So.
686 2374 785 2406 Bona
810 2373 992 2406 fortasse?
1020 2374 1111 2407 SEN.
1140 2375 1174 2406 et
1198 2373 1308 2423 voltu,
1339 2373 1452 2415 Sosia,

311 2428 386 2461 120.
436 2428 532 2461 Adeo
557 2427 727 2469 modesto,
754 2428 841 2461 adeo
865 2431 1029 2471 venusto,
1057 2430 1097 2461 ut
1121 2428 1171 2461 nil
1195 2437 1318 2470 supra.

310 2539 385 2571 124.
436 2538 537 2576 Quae
560 2537 606 2569 sit
631 2546 727 2579 rogo.
758 2537 924 2571 Sororem
948 2547 1027 2571 esse
1050 2539 1154 2571 aiunt
1178 2537 1376 2579 Chrysidis.

311 2593 385 2626 125.
437 2592 619 2625 Percussit
642 2591 720 2624 ilico
744 2592 916 2625 animum.
943 2591 1057 2626 Attat
1080 2593 1147 2625 hoc
1170 2592 1256 2625 illud
1280 2594 1346 2634 est,

310 2647 386 2680 126.
437 2647 531 2680 Hinc
554 2647 634 2680 illae
657 2646 833 2689 lacrimae,
862 2647 949 2681 haec
973 2647 1067 2681 illast
1092 2646 1343 2680 misericordia.
