1932 3121
959 256 1003 289 28

296 358 373 392 832.
423 359 600 401 Equitem,
627 360 791 401 peditem,
819 360 1034 402 libertinum,
1060 360 1177 393 furem
1201 360 1272 404 †ad
1295 362 1482 404 fugitivom
1507 363 1605 404 velis,

296 412 373 445 833.
422 412 667 455 Verberatum,
703 414 873 455 vinctum,
908 414 1101 447 addictum.
1135 414 1205 452 Qui
1229 415 1336 448 habet
1358 416 1455 458 quod
1477 416 1546 458 det,
1573 416 1666 450 utut

1507 471 1660 513 homost,

295 511 374 544 834.
422 511 551 544 Omnia
575 521 706 554 genera
731 512 962 554 recipiuntur.

294 622 488 656 Invidiae:

686 690 832 722 Rudens
856 690 921 723 523
947 689 1086 733 (scirpe
1107 689 1264 734 acirpe):

462 763 540 790 Leno
576 764 738 800 naufragus
773 765 961 799 permadidus
993 765 1024 792 in
1053 765 1124 792 litus

419 810 533 837 eiectus
551 818 652 838 seeum
672 811 781 838 ironice
800 811 941 847 loquitur.

294 874 370 907 523.
422 876 542 908 LENO.
570 876 600 909 Ο
624 875 759 919 scirpo,
786 875 920 919 scirpe,
947 877 1055 910 laudo
1077 877 1242 910 fortunas
1265 879 1358 919 tuas,

294 928 371 961 524.
420 929 490 967 Qui
514 939 654 972 semper
678 940 802 963 servas
825 931 973 973 gloriam
998 930 1199 964 aritudinis.

293 1036 370 1069 533.
420 1008 564 1071 Utinam
588 1009 733 1071 fortuna
757 1009 853 1072 nunc
876 1040 1018 1072 anetina
1042 1009 1172 1081 uterer,
1201 1010 1209 1018 .

293 1091 371 1125 534.
420 1091 501 1135 †Ut‚
528 1103 635 1135 quom
660 1094 812 1127 exissem
836 1103 880 1127 ex
903 1104 1009 1136 aqua,
1036 1104 1173 1128 arerem
1197 1096 1327 1128 tamen.

292 1145 399 1238 ...ί

418 1270 601 1303 Aulularia
625 1270 668 1303 40
694 1269 767 1313 (exi
790 1270 875 1314 exi),
903 1273 945 1304 55
971 1270 1106 1314 (etiam
1129 1281 1229 1306 nunc
1251 1271 1370 1306 etiam
1393 1271 1529 1314 κακὼς

435 1343 530 1371 Senex
555 1353 662 1372 avarus
687 1346 826 1373 ancillam
852 1354 938 1373 suam
957 1346 1120 1381 alloquitur

396 1391 441 1417 ira
459 1395 490 1418 et
508 1392 672 1426 suspicione
690 1393 841 1420 incitatus.

290 1455 346 1489 40.
397 1456 560 1490 SENEX„
578 1456 662 1500 Exi,
698 1460 859 1500 inquam,
886 1468 953 1501 age
976 1457 1034 1492 esci
1044 1458 1095 1501 1):
1120 1459 1323 1492 exeundum
1347 1459 1464 1492 hercle
1486 1458 1550 1491 tibi
1573 1456 1658 1492 hinc

1465 1514 1519 1545 est
1543 1513 1653 1555 foras,

290 1565 344 1597 41.
395 1563 732 1609 circumspectatrix
757 1578 837 1600 cum
861 1568 974 1601 oculis
997 1567 1194 1601 emissiciis.

290 1673 344 1706 53.
396 1673 528 1708 Oculos
551 1675 668 1708 hercle
691 1685 757 1718 ego
780 1676 880 1717 istos,
906 1676 1080 1718 improba,
1107 1676 1278 1709 ecfodiam
1301 1676 1377 1716 tibi,

289 1728 344 1761 54.
393 1729 445 1761 Ne
468 1739 524 1762 me
546 1730 739 1763 observare
763 1730 892 1772 possis,
920 1730 1006 1771 quid
1031 1739 1151 1763 rerum
1176 1739 1309 1772 geram.

289 1782 343 1815 55.
393 1783 551 1817 Abscede
574 1783 693 1817 etiam
716 1793 829 1826 nunc,
857 1783 974 1818 e'tiam
998 1793 1102 1817 nunc
1112 1783 1154 1826 2),
1181 1784 1286 1817 etiam
1312 1802 1352 1807 —
1376 1784 1454 1826 ohe,

288 1837 344 1870 56.
392 1838 479 1871 Istic
501 1840 629 1872 astato.
659 1838 697 1871 Si
720 1839 838 1871 hercle
860 1841 900 1871 tu
923 1848 967 1871 ex
990 1838 1079 1871 istoc
1101 1838 1177 1871 loco

288 1891 342 1924 57.
393 1892 550 1935 Digitum
574 1895 826 1926 transvorsum
849 1894 912 1926 aut
935 1902 1093 1935 unguem
1117 1893 1227 1926 latum
1251 1891 1446 1925 excesseris

288 1945 342 1979 58.
393 1948 462 1980 Aut
485 1948 516 1980 si
539 1948 711 1989 respexis,
738 1948 906 1980 donicum
929 1956 996 1989 ego
1019 1949 1054 1979 te
1076 1947 1227 1988 iussero,

288 2001 341 2034 59.
392 2001 570 2035 Continuo
593 2002 710 2035 hercle
733 2011 799 2044 ego
821 2003 856 2034 te
879 2001 1006 2034 dedam
1030 2001 1241 2043 discipulam
1265 2000 1372 2033 cruci.

699 2105 881 2146 Aulularia
905 2105 971 2138 415
997 2104 1097 2148 (tene
1121 2104 1236 2146 tene):

415 2180 495 2208 Idem
515 2171 604 2209 senex
624 2189 691 2208 eum
711 2189 806 2217 coquo
825 2181 965 2216 loquitur.

287 2241 364 2273 415.
417 2240 508 2273 SEN.
535 2242 633 2283 Redi,
657 2243 729 2283 quo
744 2242 841 2284 fugis
858 2241 982 2275 nunc?
1011 2241 1105 2275 Te'ne
1122 2242 1205 2275 tene
1215 2241 1257 2283 2).
1286 2241 1378 2278 COQ.
1401 2241 1495 2279 Quid
1511 2241 1649 2283 stolide,

1488 2295 1651 2330 clamas?

286 2349 362 2382 416.
415 2349 508 2382 SEN.
534 2349 625 2387 Quia
648 2351 694 2383 ad
717 2351 881 2384 trisviros
905 2352 974 2384 iam
1000 2361 1066 2393 ego
1089 2350 1245 2383 deferam
1270 2360 1399 2384 nomen
1422 2353 1533 2384 tuom.

1218 2403 1312 2441 COQ.
1337 2403 1452 2442 Quam
1476 2405 1523 2438 ob
1545 2404 1651 2438 rem?

284 2459 361 2491 417.
415 2457 507 2491 SEN.
534 2457 625 2496 Quia
649 2459 803 2491 cultrum
827 2459 949 2492 habes.
977 2459 1070 2495 COQ.
1099 2458 1230 2492 Cocum
1255 2459 1352 2492 decet
1400 2483 1645 2492 .....

321 2597 346 2632 1)
384 2601 509 2626 accentu
530 2601 655 2625 mutato.

319 2643 345 2678 2)
383 2648 507 2673 accentu
528 2648 645 2673 mutato
663 2648 694 2672 et
712 2645 889 2681 quantitate.
