1932 3121
374 371 451 404 337.

373 426 449 459 338.

369 878 446 911 832.

369 934 446 966 833.

368 987 447 1020 834.

368 1041 445 1074 835.

326 1165 334 1177 s
368 1149 445 1181 836.

364 1459 440 1492 281.

363 1568 441 1602 282.

362 1622 439 1656 283.

357 2123 436 2157 325.

356 2232 433 2266 326.

355 2341 431 2375 327.

353 2505 431 2538 335.

1037 269 1081 302 50

505 370 626 405 ‘Heus
648 370 751 414 heus,
779 371 843 405 tibi
867 372 956 415 dico,
985 372 1169 415 Chaerea',
1195 373 1324 424 inquit.
1350 374 1487 408 Restiti.

504 426 601 460 ‘Scin
625 426 712 468 quid
736 436 802 469 ego
825 429 860 460 te
884 427 1046 461 volebam
1056 427 1088 461 ’ξ’
1118 426 1250 462 “Dic.'’
1276 453 1472 463 ......

739 568 742 569 ⁷
781 550 981 583 Eunuchus
1005 551 1069 584 834
1096 551 1193 593 (tace
1217 550 1331 593 tace):

537 623 676 651 Meretrix
709 624 834 659 eiusque
867 624 975 652 ancilla
1000 625 1135 655 interse
1158 625 1201 651 lo-

499 673 635 706 quuntur
648 671 683 698 de
694 671 945 706 virgine-quadam
956 671 1053 707 deque
1062 672 1200 700 eunucho

500 716 577 752 ficto,
602 718 655 753 qui
680 708 782 753 reapse
807 721 872 745 erat
893 713 1035 753 ephebus,
1058 719 1200 754 virginem

497 768 598 793 autem
625 765 707 792 illum
732 768 946 800 compresserat
969 766 1099 793 eunuchi
1119 770 1199 793 veste

496 812 628 839 indutus.

497 879 597 911 MER.
628 879 783 912 Scelesta
807 879 892 921 lupo
915 889 1018 912 ovem
1043 879 1261 912 commisisti.
1291 880 1462 922 Dispudet

499 934 557 967 Sic
581 934 666 966 mihi
690 934 772 966 data
796 943 876 966 esse
900 934 1020 967 verba.
1048 934 1141 972 Quid
1166 928 1252 967 illud
1277 934 1431 967 hominis
1454 933 1535 967 est?

496 988 588 1021 ANC.
616 988 688 1021 Era
714 989 801 1029 mea,
831 988 912 1021 tace
937 988 1018 1021 tace
1029 987 1071 1029 1),
1099 983 1259 1030 obsecro,
1286 988 1407 1021 salvae
1430 997 1574 1021 sumus:

496 1042 682 1075 Habemus
713 1042 893 1074 hominem
916 1041 1047 1083 ipsum.
1083 1042 1185 1074 MER.
1219 1041 1288 1075 Ubi
1310 1042 1342 1074 is
1364 1041 1446 1075 est?
1475 1042 1567 1074 ANc.
1599 1042 1667 1075 Em
1690 1042 1739 1075 ad

1518 1096 1733 1129 sinisteram.

496 1149 636 1182 Viden?
663 1150 764 1182 MER.
792 1149 911 1182 Video.
939 1150 1029 1181 ANc.
1059 1149 1273 1190 comprendi
1296 1149 1389 1191 iube,
1412 1151 1585 1190 quantum
1606 1151 1735 1191 potest.

775 1272 954 1313 Adelphoe
976 1253 1039 1305 '281
1068 1271 1175 1314 (neus
1197 1271 1327 1314 lamp

531 1346 711 1374 Adulescens
737 1345 847 1381 Syrum
874 1354 992 1373 servum
1012 1354 1100 1373 suum
1121 1347 1195 1373 allo-

492 1394 596 1433 quitur
615 1393 651 1420 de
669 1394 776 1420 lenone
795 1392 977 1428 depellendo.

490 1459 609 1492 ADUL.
635 1457 743 1492 Heus
758 1457 861 1500 heus,
889 1458 990 1501 Syre.
1014 1458 1132 1491 SERV.
1153 1458 1220 1491 Em
1236 1459 1322 1500 quid
1339 1458 1421 1492 est?
1438 1459 1557 1492 ADUL.
1576 1459 1736 1492 Obsecro

913 1515 947 1546 te
970 1513 1097 1555 hercle,
1125 1513 1304 1546 hominem
1328 1513 1437 1546 istum
1460 1514 1733 1556 inpurissimum

489 1569 605 1607 Quam
630 1569 786 1610 primum
811 1568 1032 1610 absolvitote,
1060 1577 1116 1610 ne,
1144 1568 1174 1601 si
1198 1568 1313 1611 magis
1337 1568 1498 1601 irritatus
1522 1569 1598 1610 siet,

488 1623 615 1665 Aliqua
628 1624 695 1657 hoc
703 1624 887 1665 permanet
896 1622 941 1656 ad
950 1624 1088 1664 patrem
1098 1624 1206 1664 atque
1213 1632 1280 1665 ego
1287 1624 1365 1656 tum
1373 1624 1543 1665 perpetuo
1552 1623 1731 1665 perierim.

809 1751 989 1793 Adelphoe
1012 1751 1077 1784 336
1103 1751 1172 1794 (au
1196 1750 1283 1793 au):

524 1823 681 1852 325—336.
695 1825 828 1852 Sostrata
840 1828 936 1852 mater
949 1833 1109 1860 puerperae
1122 1833 1190 1861 gra-

488 1872 571 1899 vidae
582 1880 617 1899 ex
630 1872 776 1899 Aeschino
788 1880 856 1899 cum
871 1871 947 1899 Geta
959 1880 1042 1899 servo
1052 1872 1191 1899 Aeschini

485 1920 513 1946 lo
537 1919 626 1946 uitur.

514 1927 617 1993 qursu
633 1964 689 1993 336
702 1974 777 1993 anus
787 1966 888 1993 nutrix
899 1965 1006 1993 Getam
1016 1966 1189 2001 alloquitur,

487 2012 539 2047 qui
552 2013 677 2040 suadere
690 2013 816 2047 videtur,
830 2016 864 2040 ut
879 2013 1017 2040 Aeschini
1032 2013 1190 2040 infidelitas

487 2059 583 2093 palam
604 2060 778 2094 proferatur.

486 2125 689 2158 MATRONA.
718 2126 895 2166 Eloquere
917 2135 1014 2167 ergo,
1033 2128 1076 2158 ‘te
1099 2125 1257 2167 obsecro,
1284 2125 1370 2167 quid
1394 2126 1575 2160 actumst?

939 2179 1057 2212 SERv.
1085 2180 1174 2212 Iam.
1202 2180 1326 2212 MATR.
1352 2180 1445 2218 Quid
1473 2180 1580 2223 ‘iam',
1608 2181 1727 2214 Geta?

486 2233 606 2266 SERv.
642 2234 841 2266 Aeschinus
874 2234 999 2266 MATR.
1034 2233 1128 2272 Quid
1158 2233 1189 2266 is
1213 2233 1326 2277 ergo?
1361 2234 1479 2268 SERV.
1510 2235 1648 2269 alienus
1671 2238 1728 2269 est

1078 2288 1124 2320 ab
1148 2290 1271 2321 nostra
1294 2289 1437 2322 familia.
1465 2290 1588 2322 MATR.
1616 2290 1720 2332 Hem,

481 2342 585 2375 Perii.
606 2342 685 2381 Qua
702 2342 768 2376 re?
789 2342 909 2376 SERv.
928 2342 1057 2375 Amare
1072 2342 1205 2384 occepit
1220 2342 1327 2376 illam.
1346 2343 1471 2376 MATR.
1490 2344 1562 2377 Vae
1572 2343 1728 2377 miserae

1622 2398 1719 2431 mihi.

483 2505 602 2538 SERv.
630 2506 713 2547 Era,
742 2476 923 2539 lacrumas
947 2506 1046 2538 mitte
1062 2515 1103 2538 ac
1119 2505 1237 2547 potius
1257 2476 1414 2547 quod-ad
1430 2506 1523 2539 hanc
1539 2516 1613 2539 rem
1629 2477 1725 2549 opus

1335 2562 1389 2594 est
1411 2570 1519 2603 porro
1542 2561 1723 2604 prospice:

388 2658 413 2693 1)
451 2661 576 2687 accentu
596 2662 712 2687 mutato
725 2662 763 2687 -et
781 2660 960 2695 quantitate.
