1932 3121
902 296 945 331 85

243 393 341 438 νοοό
358 404 437 437 eius
463 402 526 444 qui
548 401 723 443 loquitur;
747 401 868 442 itaque
887 395 1128 443 geminatione
1149 400 1264 442 ipsam
1289 399 1360 431 vim
1385 399 1606 432 indefinitam

242 460 383 492 tantum
407 455 619 491 asseverari.
1232 463 1240 471 ‘

286 512 432 545 Praeter
461 511 557 543 locos
587 509 658 542 iam
689 511 793 543 antea
823 509 999 551 laudatos,
1035 509 1173 542 Pottius
1205 509 1349 550 saepius
1378 508 1452 550 agit
1474 508 1519 540 de
1541 508 1608 540 hac

241 576 291 608 re,
328 575 394 599 nee
428 565 572 605 mirum,
608 563 686 606 ipse
719 563 880 606 miratus,
918 564 1015 606 quod
1045 563 1168 597 endem
1199 572 1268 604 res,
1303 571 1396 604 quae
1424 562 1608 595 affirmare

241 620 329 654 solet
348 617 456 653 etiam
475 618 680 651 deminuere
691 618 720 661 1)
738 618 851 661 possit
861 618 905 661 2),
924 619 1100 661 imprimis
1112 618 1149 651 in
1165 618 1344 652 coloribus
1360 616 1606 660 significandis

240 676 274 707 et
305 674 348 707 inv
373 673 497 716 lingua
529 672 718 707 Hebraica.
751 673 841 707 Cum
864 673 901 706 in
925 673 1004 706 aliis
1027 673 1161 716 linguis
1183 671 1284 706 rood
1305 671 1408 705 rood
1429 671 1606 714 significet

241 727 344 762 valde
373 727 536 769 rubrum,
570 727 607 760 in
638 727 761 771 lingua
794 728 968 762 Hebraico
999 727 1122 761 eadem
1150 726 1342 771 geminatio
1365 725 1605 760 subrubidum

240 781 445 825 significare
467 784 592 824 potest.
625 782 671 816 Ut
693 783 853 816 omittam
876 783 920 816 de
943 782 1203 825 significatione
1226 782 1322 815 vocis
1332 782 1489 823 ,ῦῖῐζέἶῐὲξ
1512 781 1606 814 inter

241 837 337 870 viros
367 837 490 870 doctos
522 846 593 869 non
626 837 825 879 convenire,
859 847 924 870 neo
954 839 1118 870 constare
1145 839 1267 870 utrum
1292 836 1387 869 color
1410 831 1526 877 capilii
1550 836 1605 868 vel

240 890 399 934 corporis
421 890 607 934 indicetur,
635 900 750 934 neque
771 892 916 925 omnino
939 901 1032 934 quae
1051 891 1195 925 nomina
1211 891 1366 925 colorum
1384 890 1431 924 ab
1446 889 1604 932 antiquis

239 946 397 978 adhibita
421 946 493 978 sint
515 946 617 979 facile
640 946 749 978 statui
771 955 887 987 posse,
914 948 1043 987 tamen,
1070 948 1111 978 ut
1133 945 1347 987 significatio
1366 943 1605 978 subrubidus

239 1001 334 1033 reeta
362 1000 418 1042 sit,
446 999 543 1032 haud
567 1001 711 1042 seimus,
739 1009 859 1033 annon
882 1000 914 1032 is
937 1000 999 1042 qui
1021 1009 1062 1032 ea
1088 1009 1172 1033 voce
1194 1009 1285 1032 usus
1309 999 1354 1031 sit
1377 1000 1601 1032 attenuatum

239 1050 391 1088 colorem
432 1054 635 1097 significare
675 1054 825 1090 voluerit
863 1055 1110 1097 geminatione.
1156 1055 1246 1087 Fieri
1284 1054 1378 1087 enim
1412 1056 1528 1096 potest
1562 1056 1602 1087 ut

239 1110 444 1142 attenuatus
475 1109 571 1142 color
601 1109 672 1143 iam
703 1109 925 1152 significatus
956 1109 1001 1142 sit
1033 1119 1119 1142 voce
1144 1109 1221 1142 eius
1244 1110 1306 1151 qui
1329 1109 1541 1150 loquebatur
1564 1109 1600 1141 in

240 1163 413 1197 vocabulo
436 1173 509 1197 non
532 1164 721 1207 geminato,
748 1164 797 1197 ita
819 1165 861 1196 ut
884 1164 992 1196 huius
1015 1173 1145 1197 sensus
1160 1164 1283 1197 fuerit:
1308 1173 1419 1205 paene
1435 1163 1597 1196 rubrum.

282 1218 359 1252 Van
391 1218 577 1252 Ginneken
608 1221 648 1252 ut
677 1219 747 1252 iam
779 1218 853 1251 dixi
885 1218 999 1252 Pottio
1029 1219 1095 1252 hac
1125 1219 1161 1251 in
1186 1228 1225 1252 re
1247 1218 1441 1252 assentitur
1465 1217 1601 1251 addens
1623 1258 1637 1264 N

239 1273 345 1306 etiam
368 1282 412 1305 ex
434 1273 557 1315 lingua
582 1273 723 1315 Belgica
744 1272 804 1314 „’t
819 1272 855 1306 is
874 1281 987 1306 maar
1001 1282 1069 1306 zoo
1085 1272 1194 1314 200⁰,
1214 1273 1276 1305 sed
1292 1273 1328 1305 in
1345 1274 1401 1305 his
1419 1272 1600 1309 vocabulis

275 1371 301 1405 1)
339 1372 397 1399 1.1.
425 1380 451 1406 p.
477 1371 515 1399 86
539 1373 571 1399 in
598 1372 631 1399 f..·
670 1372 703 1399 In
732 1372 927 1399 Semitischen
956 1371 1104 1407 Spraehen
1130 1372 1302 1407 Doppelung
1328 1372 1373 1399 bei
1401 1371 1521 1405 Far-ben,
1548 1380 1599 1398 um

241 1419 400 1447 Schwfiche
426 1419 588 1454 derselben,
615 1428 674 1447 was
699 1420 881 1446 anderwiirts
906 1419 975 1446 sub·
995 1420 1066 1447 oder
1087 1420 1166 1447 Dem.
1186 1419 1242 1452 (Et.
1264 1419 1294 1446 F.
1313 1419 1366 1446 Th.
1386 1419 1397 1446 1
1417 1418 1445 1446 S.
1465 1418 1520 1445 185
1539 1418 1599 1453 fg),

237 1466 471 1501 auszudrficken,
493 1466 619 1493 Bindseil
639 1466 668 1493 S.
687 1465 751 1493 598.
771 1466 855 1493 Auch
874 1467 915 1493 im
935 1466 1017 1493 T’hui
1036 1466 1126 1500 (ιον,
1146 1465 1275 1493 Siamese
1297 1465 1427 1492 Gmrnm.
1447 1457 1473 1500 ρ’.
1492 1465 1542 1498 69)
1556 1467 1599 1492 als

237 1511 400 1548 Compos.
420 1513 459 1540 of
476 1513 627 1549 degree:
646 1514 725 1547 dena
744 1513 823 1547 de‘ny
844 1512 1002 1547 ‘Remis-113
1022 1513 1081 1540 und
1101 1513 1172 1540 dam
1193 1513 1264 1540 dam
1284 1512 1447 1540 ‘Blaekish’.
1471 1511 1598 1540 Sonder-

237 1560 324 1588 bnrer
348 1560 447 1589 Weise
471 1562 533 1588 also
560 1561 642 1588 nieht
667 1561 722 1588 mit
741 1560 918 1596 Steigerung
938 1561 1012 1588 nach
1031 1560 1183 1593 aufwiirts,
1202 1560 1328 1588 sondern
1351 1560 1492 1587 vielmehr
1511 1563 1599 1587 unter

237 1607 293 1634 den
314 1607 484 1642 Nunpunkt
505 1608 654 1641 herunter,
673 1621 708 1626 -—
728 1607 759 1634 in
779 1607 1003 1642 verringernder
1017 1607 1124 1642 Weise,
1144 1607 1204 1633 und
1218 1607 1362 1634 demnaeh
1375 1611 1452 1633 etwa
1464 1607 1598 1641 gedue-ht,

238 1653 292 1681 wie
318 1662 409 1681 unser
433 1662 465 1681 κο
491 1662 538 1688 εο;
565 1654 592 1680 d.
614 1654 641 1680 h.
663 1662 727 1688 von,
749 1654 804 1681 mit
830 1654 926 1689 Bezug
951 1654 1005 1681 auf
1021 1654 1073 1681 das
1092 1653 1214 1689 Geniige
1234 1662 1292 1680 nur
1311 1653 1523 1681 zweifelhafter
1542 1653 1597 1680 Be-

202 1725 207 1730 .
236 1700 438 1728 schaffenheit.
465 1701 609 1728 Aehnlich
637 1701 788 1728 bekommt
813 1710 854 1728 na
879 1702 920 1728 im
947 1701 1001 1736 111.,
1020 1701 1135 1728 obwohl
1161 1701 1239 1735 ‘auf'‚
1259 1702 1400 1728 zuweilen
1425 1701 1511 1728 einen
1531 1709 1597 1727 ver-

235 1747 413 1782 ringernden
433 1747 516 1778 Sinn,
537 1747 627 1774 wobei
647 1748 692 1774 die
711 1747 855 1783 Meinung
875 1748 951 1775 wohl
972 1756 1029 1775 nur
1048 1748 1138 1775 danin
1156 1748 1236 1782 geht,
1255 1748 1320 1775 eine
1339 1748 1541 1782 Anniiherung
1555 1755 1598 1774 an

235 1794 283 1822 ein
313 1793 381 1829 Ziel,
409 1794 456 1822 ein
487 1794 626 1829 losgehen
655 1795 762 1822 darauf
788 1794 878 1827 (ohne
907 1794 1099 1830 Erreichung)
1126 1803 1176 1822 vor
1200 1795 1247 1823 die
1273 1795 1376 1830 Augen
1403 1804 1438 1822 zu
1466 1795 1596 1830 tuingen.

237 1841 305 1876 Pag.
331 1840 395 1876 101,
415 1841 444 1868 in
466 1842 500 1868 fi:
530 1842 665 1876 Bindseil,
684 1842 737 1868 der
755 1842 786 1868 in
806 1842 863 1869 den
882 1841 1084 1877 Sprachvergl.
1104 1842 1169 1869 Abh
1200 1842 1221 1876 1,
1240 1841 1269 1869 S.
1289 1841 1436 1869 596—598
1458 1842 1597 1876 Beispiele

235 1888 288 1916 der
319 1888 661 1924 Begriffs-verstiirkung
691 1889 816 1916 mittelst
843 1888 1068 1924 Redupiikation
1095 1897 1150 1916 aus
1175 1888 1369 1917 Sem-'tischen
1396 1889 1457 1916 und
1484 1889 1596 1916 andern

235 1934 384 1969 Sprachen
405 1935 560 1970 beibringt,
580 1935 639 1962 und
660 1936 720 1969 das,
741 1944 801 1963 was
819 1937 877 1962 mir
895 1937 969 1963 noch
990 1937 1042 1963 der
1056 1936 1246 1971 Bestiitigung
1265 1944 1299 1962 zu
1315 1936 1458 1962 bediirfen
1471 1936 1597 1969 svheint,

236 1981 408 2016 Doppelung
432 1989 518 2016 sogar
543 1983 684 2009 zuweilen
711 1991 745 2009 zu
774 1982 1004 2017 Hervorhebung
1029 1983 1080 2009 des
1106 1983 1312 2009 schwficheren
1333 1982 1484 2009 Geslechts
1503 1990 1595 2017 ange·

235 2028 352 2056 wendet
377 2029 489 2064 glaubt,
509 2029 593 2056 weist
618 2029 648 2056 in
675 2029 785 2056 diesem
814 2029 950 2057 Retracht
975 2030 1050 2057 auch
1077 2029 1257 2057 namentlich
1282 2029 1390 2056 darauf
1409 2029 1468 2063 hin,
1490 2029 1544 2056 wie
1563 2029 1594 2056 in

233 2078 533 2110 entgegengesetzter‚
553 2076 580 2102 d.
601 2076 629 2103 h.
649 2076 896 2109 deminuirender‚
917 2076 1067 2110 Richtung
1091 2076 1132 2102 im
1153 2075 1237 2102 Hebr.
1258 2076 1446 2109 reduplicirte
1467 2075 1594 2102 Fan-ben-

234 2121 452 2156 benennungen
478 2130 530 2148 zur
557 2121 763 2156 Bezeiuhnung
788 2122 840 2148 des
864 2121 1033 2156 Schilierns,
1059 2121 1216 2155 Aetmelns,
1235 2122 1288 2156 gls.
1310 2129 1368 2148 nur
1388 2121 1439 2148 hin
1460 2122 1520 2148 und
1543 2122 1597 2148 her

233 2169 469 2204 schwnnkendcn
491 2164 728 2204 Herumspielens
748 2177 797 2196 um
817 2168 884 2196 eine
903 2168 994 2196 Farbe
1014 2170 1127 2202 herum,
1146 2168 1251 2196 dienen
1281 2169 1331 2195 Ais
1350 2169 1516 2202 gleicht'nlls
1529 2169 1596 2196 eine

235 2220 326 2247 Farbe
355 2220 614 2254 abgeschwiichter
642 2220 697 2247 Art
722 2229 744 2247 z.
766 2215 967 2255 13:232*ss
995 2220 1208 2253 schwachroth‚
1237 2220 1374 2253 τὸῑὴὶίεὴ,
1403 2220 1595 2246 subt-abicias.

234 2271 297 2307 Vgl.
316 2280 348 2299 ⁸⁰
366 2280 400 2299 80
418 2272 463 2305 (so
483 2273 511 2299 la
532 2272 573 2306 la)
593 2273 642 2299 fiir
662 2273 869 2307 mitteImiiszig
887 2274 928 2300 im
949 2273 1124 2300 Deutsehen.

269 2317 295 2352 2)
333 2318 395 2346 Iam
423 2323 507 2347 vetus
532 2328 612 2347 error
637 2327 700 2348 esse
726 2320 842 2347 videtur
864 2324 967 2355 putare
986 2320 1014 2347 id
1035 2320 1112 2355 quod
1133 2321 1343 2347 asseverationi
1362 2321 1485 2347 inservit
1504 2321 1595 2348 etiam

233 2365 465 2393 deminutionem
486 2365 651 2401 significare
671 2375 762 2401 posse.
782 2366 844 2393 lam
863 2367 938 2401 apud
961 2366 1121 2394 Varronem
1141 2367 1177 2393 de
1198 2367 1228 2394 L.
1249 2367 1279 2394 L.
1299 2366 1357 2401 (ed.
1371 2366 1595 2395 Goetz-Schoell

232 2411 314 2445 1910,
334 2421 359 2448 p.
379 2412 442 2446 197,
461 2412 511 2446 20)
531 2421 548 2440 a
571 2413 669 2441 Servio
689 2413 724 2440 ad
746 2415 815 2440 Aen.
837 2413 859 2440 V
877 2412 933 2440 409
953 2413 1116 2448 laudatum,
1136 2414 1172 2441 cf.
1193 2414 1268 2448 Pott,
1290 2423 1314 2449 p.
1335 2414 1406 2441 101:
1430 2415 1547 2449 „senior
1565 2418 1596 2442 et

232 2460 330 2487 iunior
348 2460 538 2495 comparativi
557 2464 628 2488 sunt
647 2469 698 2496 per
717 2460 971 2488 inminutionem'’.
991 2460 1056 2488 Meo
1075 2461 1183 2488 iudicio
1196 2461 1312 2488 ‘iunior'
1325 2466 1513 2496 comparatur
1525 2470 1593 2489 cum

231 2507 355 2542 seniore,
382 2507 480 2535 senior
507 2516 575 2535 cum
604 2508 718 2536 iuniore
749 2509 789 2536 ita
818 2511 852 2535 ut
876 2508 907 2535 in
934 2511 1061 2543 utraque
1086 2516 1118 2535 re
1144 2509 1361 2543 comparativus
1381 2510 1490 2544 gradus
1508 2517 1593 2536 suam

232 2553 291 2581 vim
319 2554 557 2589 amplificativam
588 2555 695 2582 habere
726 2556 816 2590 possit
844 2563 940 2590 neque
968 2554 1190 2590 significationis
1219 2556 1420 2583 deminutivae
1450 2556 1515 2583 vola
1541 2559 1595 2583 aut

231 2600 389 2635 vestigium
414 2601 461 2627 sit.
487 2599 534 2628 Sic
559 2601 589 2628 in
610 2601 763 2629 Homerica
782 2609 849 2628 voce
868 2598 1016 2636 θηλυτέρα
1035 2602 1125 2628 tacite
1144 2602 1302 2637 opponitur
1321 2610 1408 2630 sexus
1427 2602 1534 2636 virilis3
1553 2603 1594 2629 sic

231 2654 350 2683 quoque
370 2647 496 2675 formata
514 2652 586 2675 sunt
601 2648 742 2676 vocabula
755 2646 910 2683 δεξίτερος,
924 2648 1035 2684 dexter,
1049 2649 1176 2684 sinister,
1190 2650 1274 2684 alter=
1289 2650 1326 2677 al.
1346 2649 1389 2677 Cf.
1406 2650 1449 2678 Fr.
1466 2649 1593 2684 Bechtel,

231 2694 387 2729 Lexilogus
405 2703 441 2721 zu
463 2694 578 2729 Homer,
597 2695 681 2730 1914,
701 2704 723 2722 s.
743 2704 767 2722 v.
788 2693 953 2730 ἀγρότερος.
