1932 3121
1003 267 1046 301 84

341 369 458 402 matici
493 369 655 402 arbitrati
690 371 776 402 sunt
811 379 928 412 neque
963 371 1076 405 dolori
1107 371 1162 404 vel
1192 370 1429 413 desperationi
1460 372 1711 414 exprimendae

340 421 526 465 inservire,
561 423 656 465 quod
691 423 905 466 Spengelius
935 427 970 459 et
1001 424 1223 458 Woelfflinus
1255 424 1314 472 alii
1346 425 1616 469 perhibuerunt,
1646 427 1709 460 sed

340 479 638 511 asseverationem
671 478 813 520 leporis,
846 479 1119 521 misericordiae,
1150 479 1294 521 dolon-le,
1321 479 1590 522 desperationis,
1617 490 1710 523 quae

340 533 410 565 iam
434 532 471 564 in
496 541 582 565 voce
605 541 675 565 non
701 533 881 574 geminata
904 534 1056 575 inerant,
1083 533 1292 575 exprimere.

385 588 427 621 In
453 586 753 630 geminationibus
773 596 867 629 quae
886 588 1069 622 iterativae
1087 587 1256 621 dicuntur
1275 587 1485 630 plerumque
1503 588 1708 623 invenimus

340 642 473 675 nudam
498 642 728 675 imitationem
753 643 834 675 soni
856 643 905 676 ita
929 646 969 677 ut
992 644 1028 676 in
1046 645 1175 676 natura
1195 652 1320 676 revera
1339 643 1495 685 auditur,
1515 652 1704 686 murmur,

342 698 482 739 turtur,
513 706 707 738 susurrus,
741 697 900 732 cuculus
922 701 1001 738 cet„
1028 699 1083 731 vel
1106 697 1323 740 repetitionis
1346 697 1459 731 oculis
1482 697 1703 740 observatae,

339 750 459 794 volvo,
485 750 673 795 πίμπλημι,
697 751 912 796 μαρμαίρειν
923 753 965 795 1),
993 762 1107 795 neque
1121 752 1189 786 hae
1208 753 1294 785 sunt
1314 752 1571 796 geminationes
1587 753 1707 786 animo

339 808 498 840 humano
532 808 627 839 moto
661 807 819 840 effectae.
867 808 910 842 In
946 806 1243 850 geminationibus
1279 816 1364 840 vero
1398 816 1491 849 quae
1523 807 1707 840 iterativae

338 862 508 895 dicuntur
520 861 583 894 ubi
596 861 723 904 copula
736 862 882 895 additur
895 861 1013 897 etiam
1029 862 1145 905 atque
1160 859 1290 904 etiam,
1306 860 1435 906 mayia
1446 859 1649 905 magisque
1659 861 1702 905 2),

338 926 417 949 meo
450 916 579 949 iudicio
613 917 691 958 ipsa
726 917 853 958 copula
889 917 1047 959 repetitio
1082 917 1135 949 vel
1171 916 1319 950 adiectio
1353 916 1575 958 exprimitur,
1613 926 1706 958 quae

338 970 486 1003 adiectio
509 970 654 1010 minime
677 971 714 1003 in
739 971 977 1012 geminatione
999 973 1063 1012 est,
1090 979 1183 1012 quae
1205 970 1290 1003 mihi
1315 979 1424 1004 causa
1447 970 1515 1003 fuit
1538 980 1603 1003 cur
1618 971 1705 1004 haec

338 1026 445 1067 atque
467 1025 551 1058 talia
575 1025 810 1068 disputationi
834 1035 932 1059 meae
955 1025 1215 1068 complectenda
1240 1035 1313 1059 non
1336 1035 1416 1059 esse
1438 1027 1612 1068 putarem.

382 1081 428 1114 Ut
461 1080 701 1113 demonstrem
737 1080 773 1113 in
810 1081 1046 1124 geminatione
1076 1080 1370 1123 significationem
1402 1080 1615 1122 plurativam
1650 1080 1704 1112 vel

336 1135 593 1168 deminutivam
625 1145 696 1168 non
729 1135 1026 1177 inesse-exempli
1057 1135 1171 1176 gratia
1202 1137 1284 1167 utar
1316 1144 1402 1168 voce
1430 1132 1621 1177 quiaquia,
1646 1133 1703 1167 cui

337 1189 414 1222 voci
456 1189 680 1222 Woelfflinus
722 1190 796 1222 tam
839 1189 970 1222 diserte
1010 1189 1104 1222 illam
1147 1188 1443 1232 significationem
1487 1189 1542 1222 vel
1584 1188 1703 1231 potius

336 1231 600 1276 distributivam
612 1242 642 1286 3)
678 1244 797 1277 inesse
832 1244 1010 1286 perhibuit
1021 1243 1064 1285 2).
1101 1243 1326 1276 Woelfflinus
1361 1244 1406 1276 ab
1441 1244 1508 1276 hac
1538 1244 1703 1286 opinione

326 1298 517 1339 'profectus
533 1307 613 1331 esse
625 1298 785 1330 videtur:
804 1297 982 1341 quisquis
992 1298 1073 1331 olim
1087 1298 1179 1330 idem
1193 1297 1350 1330 valuisse
1362 1301 1470 1339 atque
1482 1296 1646 1341 quiaque
1655 1297 1698 1340 4),

335 1352 421 1386 haec
452 1352 524 1385 duo
556 1352 729 1385 vocabula
761 1352 890 1385 deinde
918 1352 1078 1385 diversas
1110 1352 1389 1394 significationes
1417 1352 1544 1394 adepta
1567 1361 1647 1385 esse
1656 1352 1698 1394 5),
1758 1382 1760 1385 ,

337 1405 517 1450 quisquis
554 1407 688 1440 factum
725 1416 805 1440 esse
838 1416 1031 1449 pronomen
1067 1406 1266 1449 relativum,
1307 1405 1471 1450 quiaque
1504 1416 1699 1448 pronomen

334 1461 571 1503 indefinitum,
596 1470 641 1494 ne
659 1471 774 1494 unum
795 1461 938 1503 quidem
956 1461 1103 1494 verbum
1119 1461 1255 1494 addens
1273 1462 1318 1494 de
1333 1471 1419 1495 voce
1434 1470 1505 1494 non
1523 1461 1700 1504 geminata

335 1514 433 1559 quis.
461 1515 539 1558 Ego
555 1516 679 1548 contra
695 1515 783 1548 haec
798 1515 952 1548 dissero:
970 1515 1168 1548 Pronomen
1187 1514 1276 1559 quis
1291 1515 1397 1549 habet
1413 1516 1485 1550 vim
1502 1516 1699 1558 rogativam

333 1572 367 1603 et
401 1570 623 1603 indefinitam
636 1569 679 1611 6),
720 1569 899 1613 quisquis
932 1570 1036 1603 habet
1070 1580 1148 1603 meo
1181 1571 1312 1604 iudicio
1346 1570 1595 1613 geminationis
1627 1570 1698 1602 vim

332 1625 547 1657 intensivam
570 1633 614 1657 ex
637 1624 904 1657 asseveratione
925 1626 1049 1665 ortam,
1076 1626 1112 1657 at
1135 1625 1172 1657 in
1197 1634 1283 1658 voce
1304 1623 1468 1667 quiaque
1485 1624 1610 1666 copula
1627 1633 1701 1667 que

332 1678 431 1711 addit
461 1679 608 1711 alteram
640 1678 936 1720 significationem
968 1679 1141 1712 auctionis
1174 1679 1229 1712 vel
1258 1679 1464 1712 adiectionis
1489 1678 1550 1721 (cf.
1576 1678 1700 1711 Walde

332 1742 401 1765 ss.
447 1742 529 1775 que,
573 1733 788 1774 Brugmann
821 1733 917 1765 Dem.
952 1732 1017 1773 645
1047 1733 1163 1766 Glotta
1195 1733 1252 1765 III
1283 1743 1317 1775 p.
1352 1732 1401 1775 3).
1448 1732 1581 1765 Eadem
1612 1732 1699 1766 haec

331 1787 549 1820 asseveratio
573 1787 846 1830 significationis
869 1787 1083 1830 indefinitae,
1110 1797 1203 1830 quae
1226 1787 1297 1821 iam
1318 1788 1387 1830 ipsi
1403 1784 1576 1821 vocabulo
1591 1787 1694 1828 inest,

332 1852 389 1875 me
407 1842 524 1875 iudice
541 1852 651 1875 causa
672 1842 741 1875 fuit
761 1852 826 1875 cur
847 1843 1006 1875 nonnulli
1023 1844 1190 1884 putarent
1205 1842 1478 1885 geminationem
1495 1841 1698 1884 significare

332 1906 438 1939 posse
475 1897 639 1930 inertiam
677 1897 732 1930 vel
763 1896 1051 1939 deminutionem,
1089 1898 1146 1931 cui
1176 1897 1334 1939 opinioni
1364 1906 1385 1930 a
1417 1896 1531 1929 Pottio
1561 1897 1595 1929 et
1625 1904 1696 1928 van
1728 1903 1730 1906 ·

330 1952 515 1985 Ginneken
528 1951 558 1993 7)
584 1951 743 1992 prolatae
765 1951 836 1983 iam
861 1960 956 1984 nunc
979 1951 1197 1993 repugnabo.

375 2005 557 2047 Exemplis
588 2005 634 2038 ab
665 2005 709 2038 iis
740 2004 876 2038 collatis
907 2014 950 2037 ex
979 2005 1111 2048 linguis
1143 2004 1498 2048 Malayo-Ponnesiis
1521 2003 1696 2046 imprimis
1763 2039 1766 2041 ‚

329 2060 366 2092 in
384 2060 567 2096 vocabulis
583 2060 719 2092 colores
736 2058 976 2091 indicantibus
991 2069 1115 2092 omnes
1132 2060 1270 2092 addunt
1284 2069 1329 2091 ex
1347 2058 1470 2100 lingua
1486 2057 1695 2091 Germanica
1734 2096 1740 2101 ,

329 2113 603 2154 geminationem
626 2121 670 2145 80
694 2121 749 2153 so,
777 2112 940 2144 nonnulli
962 2122 1005 2145 ex
1020 2113 1143 2155 lingua
1160 2112 1293 2146 Gallica
1310 2111 1350 2145 la
1366 2110 1417 2144 la.
1444 2111 1697 2144 Demonstrare

328 2167 438 2209 igitur
461 2167 617 2200 conabor
642 2167 714 2199 vim
739 2165 959 2199 indefinitam
984 2167 1038 2200 vel
1064 2167 1321 2200 deminutivam
1341 2176 1414 2199 non
1430 2165 1524 2199 effici
1539 2165 1694 2208 gemina·
1714 2168 1717 2172 '

330 2222 435 2263 tione,
463 2222 526 2254 sed
549 2231 627 2254 eam
653 2222 724 2253 vim
744 2221 815 2253 iam
832 2220 948 2253 inesse
963 2221 998 2253 in
1016 2221 1188 2254 vocabulo
1203 2230 1275 2255 non
1292 2220 1471 2263 geminato
1485 2227 1694 2261 expressam

365 2380 389 2412 1)
420 2379 542 2408 'Wundt
562 2381 579 2408 1.
601 2381 619 2407 1.
641 2381 660 2407 1.
683 2380 709 2414 1,
731 2388 756 2414 ρ.
777 2359 841 2413 633,
861 2378 916 2405 635
935 2388 976 2414 sq.

363 2426 389 2459 2)
428 2427 575 2455 Woelfflin
596 2428 614 2454 1.
636 2428 653 2454 Ι.
675 2435 701 2461 p.
722 2425 776 2453 477
797 2434 861 2460 sqq.

362 2474 387 2506 3)
427 2476 435 2500 l
465 2475 483 2502 1.
504 2483 530 2509 p.
550 2474 614 2509 445,
634 2473 699 2501 446.

362 2521 388 2549 4)
428 2523 445 2548 1.
466 2523 483 2548 1.
504 2530 531 2556 p.
551 2521 607 2548 454
627 2522 719 2548 initio.

362 2568 388 2598 5)
428 2570 445 2595 1.
467 2571 482 2595 l.
505 2577 531 2603 p.
553 2568 608 2595 453
630 2569 658 2595 in
682 2568 748 2595 fine.

362 2613 388 2646 ⁴3)
427 2614 469 2642 Cf.
493 2615 595 2643 Walde
615 2623 636 2642 s.
658 2623 693 2648 v.,
714 2614 760 2642 W.
782 2613 872 2647 Krnn,
892 2612 1001 2648 Glotta,
1021 2614 1069 2648 lli,
1090 2623 1116 2649 p.
1137 2613 1149 2641 1
1173 2622 1237 2650 sqq.

362 2661 388 2695 7)
430 2662 495 2690 Pott
515 2663 533 2690 l.
554 2663 572 2690 l.
594 2671 618 2697 p.
640 2661 691 2696 873
713 2670 769 2689 vnn
789 2660 944 2688 Ginneken
964 2661 982 2688 1.
1003 2662 1020 2689 1.
1041 2661 1055 2694 ,ἓ
1074 2661 1137 2689 423.
