1932 3121
991 265 1034 298 22

330 369 406 402 732.
455 369 574 402 ADUL.
594 368 684 402 Cum
702 369 782 401 auri
797 368 960 402 ducentis
973 368 1131 401 nummis
1144 368 1347 412 Philippis?
1364 369 1477 402 ΤΕΒΤ.
1497 366 1693 411 Quippini?

329 423 404 456 733.
453 423 572 456 ADUL.
600 422 656 455 Ibi
679 422 855 465 extemplo
877 422 958 456 leno
981 421 1125 455 errabit.
1153 422 1268 456 ΤΕεΤ.
1294 422 1374 462 Qua
1397 423 1442 456 de
1465 421 1530 456 re?

748 516 750 519 ,
1108 485 1111 488 ⁴
1397 478 1518 510 Λυσι..
1545 475 1692 518 Rogas?

329 531 405 565 734.
454 531 545 570 Quia
569 533 711 565 centum
736 531 893 564 nummis
918 531 1038 564 minus
1061 530 1209 568 dicetur„
1237 531 1352 567 TnsT.
1380 532 1476 565 Bene
1499 532 1616 573 putas.

328 586 403 618 735.
453 585 574 618 Λυσι..
600 585 716 617 Alium
741 585 897 618 censebit
920 584 1125 626 quaeritari.
1152 585 1267 618 ΤΕΒΤ.
1297 584 1446 618 Scilicet.

328 638 403 672 736.
453 639 572 672 ΑΒΜ..
600 639 787 680 Extemplo
810 638 1009 681 denegabit.
1037 638 1151 671 TEST.
1179 638 1326 672 Iuratus
1350 639 1506 681 quidem.

328 693 402 726 737.
453 694 571 726 ADUL.
607 693 725 726 Homo
755 693 841 725 furti
874 702 952 725 sese
983 692 1182 734 adstringet
1212 711 1255 716 —
1287 693 1401 726 TEST.
1436 693 1520 726 Hau
1543 692 1692 725 dubium

1440 747 1477 779 id
1500 745 1689 788 quidemst.

328 801 402 834 738.
452 801 574 834 ADUL.
605 800 1000 844 Quantumquantum
1024 801 1070 833 ad
1092 810 1174 834 eum
1198 802 1264 834 erit
1287 801 1454 834 delatum.

1203 851 1206 855 ’
1353 855 1466 888 ΤΕΒΤ.
1493 852 1692 895 Quippini?
1718 865 1721 867 ·

711 958 910 991 Pseudolus
935 958 999 991 106
1025 957 1146 1000 (unde
1167 958 1308 1001 unde):

490 1033 598 1060 Servus
634 1031 812 1060 confirmans
847 1032 981 1059 animum
1019 1032 1061 1060 eri
1098 1032 1153 1066 sui,

455 1080 567 1115 perdite
587 1080 724 1107 amantis.

328 1145 402 1178 103.
455 1145 574 1178 SERV.
601 1146 732 1178 Verum
755 1155 821 1187 ego
844 1147 879 1178 te
901 1146 1091 1186 amantem,
1119 1155 1164 1178 ne
1187 1155 1288 1187 pave,
1316 1154 1387 1177 non
1410 1144 1583 1177 deseram.

328 1200 402 1233 104.
455 1200 568 1242 Spero
591 1199 755 1233 alicunde
778 1200 883 1232 hodie
906 1209 961 1232 me
984 1199 1077 1232 bona
1101 1209 1209 1242 opera
1233 1201 1295 1233 aut
1318 1198 1408 1243 †hoc
1432 1208 1546 1231 meam

328 1255 402 1288 105.
453 1254 531 1287 Tibi
555 1254 787 1287 inventurum
811 1264 890 1287 esse
913 1254 1085 1287 auxilium
1109 1254 1364 1296 argentarium.

264 1339 269 1342 .
327 1308 402 1341 106.
452 1309 566 1350 Atque
590 1308 626 1340 id
650 1308 814 1340 futurum
838 1307 943 1341 unde
965 1307 1069 1341 unde
1091 1308 1205 1341 dicam
1230 1308 1359 1349 nescio,

326 1362 401 1395 107.
452 1362 528 1394 Nisi
552 1362 636 1403 quia
660 1362 880 1394 futurumst:
906 1362 953 1394 ita
978 1362 1207 1403 supercilium
1231 1362 1323 1394 salit.

327 1416 402 1448 108.
452 1416 570 1448 ADUL.
594 1411 742 1448 'Utinam
767 1425 860 1456 quae
883 1415 970 1448 dicis
993 1415 1096 1448 dictis
1119 1415 1212 1448 facta
1236 1416 1437 1457 suppetant.

326 1469 400 1502 109.
453 1469 571 1502 SERV.
602 1469 679 1502 Scis
703 1469 909 1511 tuquidem
934 1470 1062 1511 hercle,
1089 1479 1166 1502 mea
1190 1470 1219 1502 si
1242 1469 1416 1502 commovi
1440 1478 1553 1510 sacra,

327 1524 401 1556 110.
452 1524 532 1561 Quo
555 1526 658 1565 pacto
681 1525 715 1562 et
740 1525 895 1565 quantas
920 1524 1051 1556 soleam
1076 1524 1233 1556 turbelas
1256 1524 1352 1556 dare.

760 1628 908 1660 Rudens
934 1627 1032 1660 1210
1046 1626 1130 1670 (ubi
1151 1626 1234 1669 ubi)
1247 1637 1255 1660 :

511 1702 664 1730 Trachalio
683 1711 787 1730 servus
807 1710 908 1730 senem
925 1702 1088 1737 alloquitur
1100 1705 1152 1738 qui

476 1750 503 1776 ei
517 1748 670 1775 mandavit
682 1747 879 1781 (119911200),
889 1753 923 1774 ut
932 1748 1151 1775 adulescentem

476 1795 675 1831 Plesidippum
695 1795 898 1830 investigaret.

324 1861 421 1895 1210.
475 1861 593 1894 SERV.
644 1860 716 1894 Ubi
754 1859 823 1893 ubi
856 1860 932 1901 erit,
971 1861 1040 1893 iam
1076 1860 1299 1903 investigabo
1333 1863 1367 1893 et
1384 1895 1386 1897 ,
1402 1870 1539 1893 mecum
1575 1861 1621 1894 ad
1655 1863 1690 1894 te

1356 1946 1363 1952 ,
1384 1914 1558 1948 adducam
1583 1915 1689 1948 simul

324 1971 421 2003 1211.
472 1969 726 2011 Plesidippum.
756 1969 905 2002 SENEX.
932 1969 1117 2010 Eloquere,
1143 1970 1184 2001 ut
1207 1969 1293 2001 haec
1317 1977 1374 2001 res
1397 1968 1523 2010 optigit
1541 1968 1586 2001 de
1601 1968 1684 2001 filia.

324 2024 421 2058 1212.
471 2024 564 2057 Eum
589 2033 676 2067 roga
700 2025 740 2057 ut
764 2023 943 2065 relinquat
966 2022 1055 2056 alias
1072 2033 1129 2056 res
1144 2024 1178 2057 et
1193 2023 1264 2057 huc
1280 2023 1410 2057 veniat.
1439 2022 1560 2057 SERV.
1579 2017 1684 2057 Licet.

324 2078 422 2112 1213.
473 2078 564 2112 SEN.
593 2078 704 2111 Dicito
727 2079 898 2111 daturum
922 2086 1036 2109 meam
1059 2077 1108 2109 illi
1124 2078 1234 2110 filiam
1250 2087 1409 2110 uxorem.
1439 2077 1559 2110 SERV.
1579 2078 1684 2110 Licet.

323 2195 650 2238 Exprobrationis:

779 2255 910 2289 Casina
935 2254 999 2287 722
1025 2252 1109 2296 (ubi
1130 2253 1230 2296 ubi):

452 2311 515 2338 Duo
534 2311 617 2338 servi.

324 2372 399 2405 720.
451 2371 571 2404 SERV.
604 2371 701 2412 Vide,
734 2371 805 2412 fur,
831 2372 871 2403 ut
902 2370 1014 2403 sentis
1046 2369 1115 2402 sub
1146 2369 1259 2412 signis
1289 2370 1411 2404 ducas.
1447 2371 1592 2403 ALTER.
1618 2370 1687 2408 Qui

1269 2433 1354 2458 vero
1377 2424 1414 2457 hi
1437 2426 1523 2458 sunt
1546 2424 1685 2463 sentis?

324 2481 399 2513 721.
449 2481 586 2513 PRIOR.
621 2480 712 2518 Quia
744 2480 840 2521 quod
871 2479 1028 2521 tetigere,
1063 2478 1141 2511 ilico
1171 2479 1335 2520 rapiunt:
1368 2479 1399 2511 si
1426 2488 1487 2511 eas
1510 2480 1684 2520 ereptum,

1402 2533 1481 2566 ilico
1504 2531 1682 2566 scindunt.

323 2588 398 2622 722.
449 2588 503 2621 Ita
527 2597 671 2630 quoquo
695 2588 901 2629 adveniunt,
928 2586 998 2621 ubi
1020 2585 1089 2620 ubi
1109 2589 1205 2629 sunt,
1228 2587 1360 2629 duplici
1376 2587 1507 2621 damno
1523 2586 1685 2620 dominos

1519 2641 1681 2675 multant.
