1932 3121
942 246 984 281 16

756 349 866 383 Persa
889 349 955 383 316
980 348 1057 393 (Ah
1081 348 1165 392 ah):
1215 381 1226 389 ,

404 423 514 451 Servus
532 431 601 452 cum
620 431 760 451 conservo
780 424 923 459 loquitur.

275 489 352 523 312.
405 489 525 523 Snnv.
557 489 654 544 guid
677 490 744 524 hoc
767 490 825 524 hic
847 491 884 524 in
909 491 997 525 collo
1020 491 1084 524 tibi
1103 490 1249 525 tumet?
1280 492 1426 526 ALTER.
1452 491 1641 535 Vomicast,

1334 556 1500 589 pressare
1521 555 1643 589 parce:

275 599 353 632 313.
402 599 492 632 Nam
516 599 578 632 ubi
601 600 664 641 qui
687 600 780 633 mala
804 601 919 643 tangit
942 610 1063 642 manu,
1089 600 1230 634 dolores
1252 601 1473 634 cooriuntur.

274 653 353 687 314.
404 653 526 688 Smw.
551 654 705 693 Quando
728 655 837 688 istaec
859 655 1018 689 innatast
1040 654 1130 689 tibi?
1154 655 1299 688 ALTER.
1326 654 1452 688 Hodie.

1212 708 1331 743 Smtv.
1361 709 1482 743 Secari
1504 709 1640 742 iubeas.

274 761 352 795 315.
403 762 522 796 Metuo
547 773 592 796 ne
615 764 830 797 inmaturam
857 773 989 798 secem:
1014 774 1060 797 ne
1081 763 1246 797 exhibeat
1268 763 1350 806 plus
1374 763 1524 807 negotei.

273 815 352 850 316.
404 816 524 850 SERV.
559 817 742 860 Inspicere
772 818 937 869 qnorbum
960 821 1057 852 tuom
1082 818 1191 851 lubet.
1225 818 1371 852 ALTER.
1387 816 1470 861 Ah,
1497 817 1560 859 ah,
1585 818 1643 851 abi

1353 874 1462 914 atque
1483 881 1570 906 cave
1593 872 1643 905 sis

274 925 351 958 317.
402 926 430 959 A
454 936 577 960 cornu.

274 1057 550 1091 Affirmationis
559 1069 567 1092 :

727 1110 939 1171 Ainphitruo
963 1128 1027 1162 397
1053 1127 1190 1171 (utum

402 1203 485 1230 Sosia
503 1211 606 1230 servus
625 1211 693 1231 cum
713 1203 857 1231 Mercurio
876 1204 1018 1239 loquitur.
1091 1199 1095 1204 ’

274 1268 351 1302 395.
886 1310 889 1311 ⁷
1093 1269 1342 1303 Mencmuus.
1367 1268 1515 1315 vapula.

274 1323 352 1357 396.
405 1323 525 1356 SERV.
548 1324 593 1357 Ut
610 1324 718 1365 lubet,
734 1324 820 1365 quid
838 1323 901 1356 tibi
914 1323 1011 1356 lubet
1023 1324 1090 1365 fac,
1106 1323 1275 1365 quoniam
1287 1323 1420 1365 pugnis
1431 1323 1514 1365 plus
1527 1323 1638 1356 vales.

273 1377 352 1411 397.
401 1378 544 1419 Verum,
557 1378 647 1410 utut
654 1386 692 1410 es
701 1377 876 1419 facturus,
888 1377 954 1410 hoc
963 1377 1106 1419 quidem
1117 1377 1233 1410 hercle
1241 1376 1338 1410 haud
1347 1376 1500 1410 reticebo
1506 1378 1637 1410 tamen.

632 1496 825 1529 Bacchides
849 1496 914 1529 323
941 1495 1087 1538 (verum
1110 1495 1269 1538 verum).

273 1571 350 1604 315.
403 1570 549 1603 SENEx.
580 1569 649 1603 Sed
674 1569 808 1603 nihilne
832 1569 1002 1603 attulistis
1025 1570 1108 1603 inde
1132 1570 1211 1603 auri
1234 1570 1398 1604 donum?

272 1625 350 1659 316.
402 1625 572 1659 szvus.
599 1625 713 1658 Immo
736 1625 859 1658 etiam:
884 1625 1014 1658 Verum
1039 1626 1214 1666 quantum
1239 1625 1395 1658 attulerit
1418 1626 1548 1659 neseio.

272 1734 351 1768 321.
402 1734 493 1767 SEN.
519 1704 646 1767 ’Etiam-
663 1703 850 1766 dimidiuin
874 1733 1026 1767 censes?
1053 1703 1180 1767 ο8112νί
1201 1703 1427 1776 Non-edepol
1450 1704 1539 1768 scio}

272 1789 351 1822 322.
400 1789 530 1821 Verum
556 1788 653 1821 haud
677 1788 816 1830 opinor.
847 1787 938 1820 SEN.
966 1788 1096 1820 Fertne
1118 1789 1255 1830 partem
1279 1787 1447 1821 tertiam?

272 1843 350 1876 323.
402 1842 521 1876 SERv.
548 1843 626 1876 Non
651 1842 768 1875 hercle
790 1842 933 1884 opinor:
957 1851 1088 1876 verum
1111 1851 1242 1876 verum
1266 1843 1397 1877 nescio.

271 1897 350 1930 324.
400 1897 562 1930 Profecto
585 1897 630 1929 de
653 1906 742 1929 auro
766 1896 854 1928 nibil
878 1897 951 1929 scio
975 1896 1044 1928 nisi
1069 1897 1198 1929 nescio.

731 2019 928 2053 Cistellaria
954 2019 1017 2052 109
1044 2019 1182 2062 (utut):

399 2094 537 2121 Meretrix
557 2102 626 2121 cum
647 2093 801 2121 meretrice
821 2093 962 2130 loquitur.

274 2162 348 2194 107.
399 2161 489 2193 MER
492 2185 636 2194 ......
653 2160 755 2193 Facis
772 2160 926 2202 benigne
941 2161 975 2193 et
991 2160 1114 2193 amice.
1136 2159 1207 2193 Sed
1223 2161 1274 2202 tu,
1294 2160 1529 2203 Gymnasium
1546 2171 1635 2203 mea,

273 2215 349 2248 108.
401 2215 439 2248 Si
463 2225 520 2248 me
543 2215 691 2248 absente
714 2214 998 2247 Alcesimarchus
1023 2214 1150 2256 veniet,
1179 2215 1288 2247 nolito
1311 2215 1439 2248 acriter

275 2269 349 2302 109.
399 2269 492 2301 Eum
508 2269 717 2301 inclamare:
735 2268 825 2301 utut
839 2277 924 2310 erga
941 2268 1021 2301 med
1037 2271 1091 2301 est
1108 2269 1268 2310 meritus,
1291 2269 1340 2301 mi
1355 2269 1488 2302 cordist
1504 2270 1634 2303 tamen.

707 2362 877 2421 Curculio
899 2388 962 2421 707
989 2386 1203 2430 (iamiam):

273 2461 350 2494 707.
401 2462 526 2495 Mans
569 2461 774 2504 (adaman).
825 2461 880 2494 Nu
924 2461 997 2503 agit
1040 2460 1111 2503 (εει-ι.
1146 2459 1239 2503 zeno),
1285 2461 1414 2495 oouum
1455 2453 1639 2504 bbstringe

530 2516 665 2549 homini
691 2515 761 2558 (sca-1.
777 2515 895 2557 zenoni).
924 2516 1043 2548 LENO.
1072 2514 1240 2548 Iamiam
1264 2516 1391 2549 faciam
1415 2517 1455 2549 ut
1474 2516 1634 2548 iusseris.

570 2590 661 2623 (Leno
691 2598 797 2625 pavore
827 2590 969 2618 incitatus
996 2588 1126 2617 affirmat
1154 2598 1185 2617 se
1212 2590 1354 2617 continuo
1382 2590 1533 2618 facturum
1561 2598 1638 2625 quae

533 2637 631 2663 iussus
650 2637 717 2669 est.)
