1932 3121
326 504 404 538 698.

327 558 403 593 699.

328 613 404 647 700.

328 722 403 756 701.

328 777 403 810 702.

329 886 404 919 705.

330 1370 405 1403 748.

330 1423 406 1457 749.

331 1532 407 1565 750.
419 1556 421 1559 -

331 1586 406 1620 751.

331 1641 406 1675 752.

331 1696 407 1728 753.

989 272 1033 305 20

706 375 940 408 Trinummus
965 375 1029 409 705
1055 375 1166 419 (enyo
1187 376 1315 420 cuych

454 443 599 479 Lysiteles
617 444 792 472 adulescens
810 452 879 472 cum
899 444 994 472 amico
1013 445 1155 481 loquitur.

452 505 572 539 Λυσι..
601 505 683 539 Scio
698 505 862 548 equidem
878 508 913 540 te
928 501 1108 540 animatus
1125 508 1166 540 ut
1178 507 1246 541 sis:
1264 507 1379 551 video,
1397 510 1546 553 subolet,
1566 510 1690 544 sentio.

453 559 497 592 Id
519 559 597 602 agis
621 561 672 602 ut,
700 559 761 592 ubi
785 559 1007 594 adfinitatem
1029 560 1123 594 inter
1146 570 1213 594 nos
1236 564 1397 596 nostram
1421 564 1658 598 adstrinxeris

453 614 568 656 Atque
602 623 684 647 eum
719 624 848 657 agrum
883 614 1024 648 dederis
1055 625 1120 649 nec
1150 615 1342 658 quicquam
1374 617 1431 651 hic
1462 613 1531 652 tibi
1556 619 1602 652 sit
1631 619 1695 661 qui

1374 702 1376 704 .
1427 672 1559 706 'vitam
1584 673 1691 715 colas,

453 723 619 766 Effugias
642 734 687 757 ex
710 724 800 757 urbe
823 725 952 767 inanis,
979 725 1156 768 profugus
1180 726 1332 768 patriam
1355 720 1511 769 deseras,

454 778 646 821 cognatos,
673 779 905 821 adfinitatem,
933 779 1071 813 amieos
1089 779 1192 813 tactis
1216 780 1362 822 nuptiis.

457 874 626 921 Snnbus.
661 889 739 920 N6n
770 888 864 920 enim
895 898 1044 930 possum
1074 890 1163 930 quin
1188 889 1397 922 exclamem:
1429 898 1524 933 euge
1545 890 1639 933 eviye
1649 890 1691 933 1),

1367 944 1550 986 Lysiteles,
1576 942 1692 979 πάλιν.

624 1002 746 1035 (Servus
778 1003 850 1030 haec
883 1003 963 1037 dicit,
989 1006 1145 1038 postquem
1172 1003 1286 1031 audivit
1311 1003 1355 1031 eri
1378 1004 1507 1031 nmicum
1533 1012 1619 1031 erum
1645 1005 1695 1031 ad-

589 1051 759 1077 monentem
780 1049 885 1085 verbis,
904 1049 1043 1085 qualibus
1062 1050 1123 1086 ipse
1143 1051 1229 1085 psulo
1245 1053 1316 1078 ante
1329 1059 1402 1079 usus
1415 1054 1469 1086 est,
1486 1051 1523 1079 cf.
1537 1050 1694 1086 508-515,

588 1096 759 1130 597-601.)

629 1193 863 1226 Trinummus
889 1193 953 1227 752
978 1192 1166 1236 (minume
1188 1192 1394 1236 minume):

492 1263 586 1291 Senex
614 1266 696 1291 tutor
722 1263 875 1290 Lesbonici
893 1264 1101 1298 adulescentis,
1120 1264 1157 1290 ob

455 1317 587 1336 amorem
607 1310 732 1344 pecunia
751 1310 876 1344 egentis,
895 1309 959 1337 seni
977 1309 1080 1337 amico.

459 1370 594 1403 SENEx
616 1370 629 1412 (
634 1370 739 1412 prior).
767 1370 854 1403 Vide
873 1371 904 1403 si
924 1371 990 1404 hoc
1008 1371 1131 1403 utibile
1145 1371 1259 1412 magis
1271 1372 1379 1412 atque
1389 1371 1426 1403 in
1440 1380 1514 1403 rem
1527 1371 1694 1412 deputas:

457 1424 583 1465 Ipsum
607 1423 757 1467 †adeam
782 1423 1016 1457 Lesbonicum
1040 1423 1205 1457 edoceam
1229 1425 1269 1457 ut
1292 1433 1350 1457 res
1374 1433 1414 1457 se
1435 1423 1552 1457 habet.

997 1477 1068 1522 (scil.
1084 1474 1264 1510 them-aurum
1285 1488 1315 1511 in
1336 1487 1445 1511 aedibus
1459 1493 1514 1511 ease
1528 1478 1693 1520 defossum).

456 1532 554 1575 †Sed
577 1535 617 1566 ut
640 1543 706 1575 ego
730 1543 827 1566 nunc
850 1533 1068 1566 adulescenti
1091 1533 1328 1566 thensaurum
1351 1532 1503 1566 indicem

457 1587 646 1630 Indomito,
673 1587 779 1630 pleno
801 1587 934 1621 amoris
957 1597 1000 1620 ac
1022 1586 1216 1620 lasciviae?

459 1641 594 1675 SENEX
605 1641 752 1685 (amima).
766 1641 949 1684 Minume,
969 1641 1141 1675 minume
1156 1642 1273 1675 hercle
1289 1650 1384 1674 vero:
1400 1651 1484 1674 nam
1500 1643 1596 1674 certo
1609 1641 1693 1682 scio,

459 1697 590 1729 Locum
616 1706 759 1737 quoque
782 1697 882 1728 illum
905 1705 1046 1729 omnem
1070 1695 1132 1728 ubi
1156 1695 1262 1728 situst
1285 1695 1486 1728 comederit.

329 1807 551 1841 Aviditatis:

329 1928 386 1962 96.

329 1982 400 2015 97⁸.

329 2035 403 2069 971³.

330 2090 402 2123 98²³.

330 2142 405 2176 98¹³.

331 2198 386 2231 99.

774 1853 941 1885 Curculio
964 1851 1026 1885 971>
1052 1851 1136 1894 (ubi
1157 1851 1259 1894 ubi):

436 1929 554 1961 LENA.
583 1928 664 1960 Flos
689 1928 818 1960 veteris
843 1927 917 1960 vini
940 1927 1028 1960 meis
1053 1927 1203 1960 naribus
1225 1927 1420 1960 obiectust:

437 1982 526 2014 Eius
549 1991 650 2014 amor
673 1981 838 2023 cupidam
863 1990 920 2013 me
942 1981 1013 2014 huc
1036 1980 1174 2023 prolicit
1197 1990 1260 2022 per
1284 1979 1470 2012 tenebras:

445 2034 518 2069 Ubi
540 2034 655 2077 ubist,
682 2045 793 2077 prope
816 2037 923 2068 mest:
948 2045 1051 2076 euax,
1079 2035 1204 2068 habeo.

438 2090 555 2131 Salve,
582 2090 700 2122 anime
722 2090 782 2130 mi,
810 2089 927 2122 Liberi
949 2089 1068 2131 lepos:
1541 2105 1575 2131 χ

439 2144 485 2177 Ut
508 2144 638 2177 veteris
662 2143 793 2176 vetusti
817 2143 946 2186 cupida
970 2152 1063 2176 sum.

436 2199 525 2231 Nam
549 2200 709 2231 omnium
733 2200 957 2241 unguentum
982 2198 1071 2231 odor
1095 2206 1181 2239 prae
1203 2199 1266 2229 tuo
1289 2198 1463 2229 nauteast.

334 2310 594 2344 Confidentiae
607 2322 614 2344 :

331 2478 408 2511 479.

331 2532 408 2566 480.

766 2356 936 2397 Epidicus
960 2355 1026 2388 492
1051 2352 1136 2397 (ubi
1158 2352 1261 2396 ubo:

461 2421 545 2448 Miles
563 2429 632 2448 cum
652 2429 722 2448 sene
741 2421 943 2448 circumducto
962 2420 1104 2455 loquitur.

460 2478 599 2511 MILES.
628 2477 722 2516 Quin
747 2479 786 2510 tu
810 2477 880 2510 huc
903 2476 1072 2519 producis
1096 2475 1277 2508 fidicinam
1300 2474 1619 2517 Acropolistidem?

462 2532 610 2565 SENEX.
653 2532 750 2563 Haec
787 2532 980 2572 inquamst.
1024 2531 1112 2562 Mn..
1154 2530 1232 2561 Non
1268 2530 1354 2562 haec
1382 2530 1585 2571 inquamst.:
1625 2538 1697 2561 non

1477 2593 1621 2617 novisse
1643 2593 1700 2616 me

369 2671 395 2706 1)
433 2675 557 2700 accentu
578 2674 703 2699 mutato.
