1932 3121
924 282 968 315 57

265 386 476 434 Patientiae
484 397 493 420 :

265 629 342 662 309.

265 737 342 771 310.

265 846 343 879 311.

265 1231 341 1265 313.

265 1386 343 1426 322.

265 1446 341 1480 323.

265 1555 342 1589 332.

266 1891 341 1925 717.

266 1946 342 1980 718.

266 2000 343 2034 719.

220 2141 226 2149 f
266 2109 342 2142 722.

265 2445 343 2480 556.

265 2555 341 2588 557.

265 2662 342 2696 558.

710 440 844 473 Andria
867 440 933 473 310
956 440 1045 483 (aye
1066 439 1174 484 aye):

428 516 536 544 Servus
568 523 637 543 cum
665 514 794 543 Charino
823 515 1012 544 adulescente
1041 524 1090 544 ero

391 571 445 591 suo
464 571 515 597 spe
533 563 646 590 deiecto
664 562 805 598 loquitur.

390 629 510 662 ADUL.
545 627 661 661 Facile
683 636 833 670 omnes‚.
853 637 959 670 quom
986 629 1156 672 valemus,
1185 631 1280 663 recta
1304 628 1451 662 consilia
1474 628 1634 672 aegrotis

391 737 445 770 Tu
469 737 500 770 si
523 736 580 770 hio
603 737 666 778 sis,
693 737 795 770 aliter
817 737 962 770 sentias.
991 737 1109 771 SERV.
1137 737 1220 783 Aye
1242 748 1324 782 aye,
1352 740 1392 772 ut
1414 684 1627 771 lnbgsmus·

1156 794 1277 826 ADUL.
1306 793 1376 826 Sed
1402 793 1631 834 Pamphilum

391 846 511 879 Video.
545 845 673 879 Omnia
704 845 856 888 experiri
887 848 1057 880 certumst
1079 847 1182 889 prius
1205 857 1314 890 quam
1338 857 1443 890 pereo
1468 871 1630 881 .....

655 952 784 985 Heaut.
811 952 902 985 Tim.
928 952 993 985 332
1018 951 1106 995 (aye
1128 951 1235 995 aye):

428 1025 615 1055 Adulescens.
636 1034 705 1053 cum
734 1026 807 1062 Syro
837 1034 919 1054 servo
947 1027 1088 1062 loquitur,

390 1072 443 1107 qui
468 1072 593 1100 amicam
619 1073 663 1101 eri
687 1081 788 1101 secum
813 1073 895 1101 ducit
919 1074 949 1101 in
969 1073 1089 1101 domum

391 1119 483 1153 patris
509 1120 708 1148 adulescentis
734 1128 802 1148 cum
831 1121 897 1148 dolo
922 1121 972 1148 sed
997 1121 1088 1148 etiam

392 1173 499 1200 magno
518 1174 586 1193 cum
608 1167 745 1201 periculo.

391 1233 458 1264 AD.
484 1232 537 1265 Ad
568 1232 779 1274 patremne?
814 1233 932 1266 SERv.
959 1233 1012 1265 Ad
1041 1243 1123 1266 eum
1153 1233 1285 1275 ipsum.
1318 1233 1385 1264 An.
1413 1232 1443 1265 O
1472 1231 1632 1264 hominis

1000 1287 1230 1329 inpudentem
1254 1286 1440 1319 audaciam
1465 1309 1623 1318 .....

395 1393 514 1426 SERv.
540 1394 602 1426 Vis
625 1403 756 1436 amare,
783 1395 838 1427 vis
861 1395 977 1437 potiri,
1004 1396 1059 1428 vis
1082 1396 1178 1437 quod
1201 1396 1265 1428 des
1288 1396 1338 1428 illi
1361 1395 1474 1435 effici;

391 1447 502 1480 Tuom
527 1457 607 1481 esse
628 1448 676 1480 im
701 1448 873 1490 potiundo
895 1449 1066 1491 periclum
1089 1459 1159 1483 non
1186 1450 1271 1482 visz.
1316 1474 1324 1482 .
1376 1474 1384 1482 .
1435 1474 1459 1498 ·-·
1495 1474 1504 1482 .
1555 1474 1563 1482 .

399 1526 1623 1540 .....................

390 1557 511 1590 ADUL.
531 1555 613 1600 Aye
629 1566 711 1600 aye,
730 1557 815 1590 cedo
831 1557 924 1590 istuc
935 1559 1033 1590 tuom
1046 1558 1249 1591 consilium:
1266 1558 1352 1599 quid
1363 1558 1400 1591 id
1412 1556 1494 1591 est?
1510 1582 1519 1590 .
1536 1582 1544 1590 .
1561 1581 1569 1589 .
1587 1581 1595 1589 .
1614 1582 1628 1590 .

655 1660 794 1693 Heaut.·
811 1660 900 1693 Tim.
928 1660 992 1693 722
1017 1659 1105 1703 (aye
1127 1660 1234 1704 aye):

428 1733 608 1761 Adulescens
633 1742 700 1761 cum
726 1742 808 1761 servo
827 1734 969 1769 loquitur,
988 1735 1040 1769 qui
1060 1734 1087 1761 ei

390 1787 509 1814 operam
543 1787 627 1807 suam
656 1780 742 1807 offert
769 1783 803 1807 ut
830 1780 926 1807 amica
952 1780 989 1807 ad
1018 1789 1086 1808 eum

390 1826 563 1854 adducatur.

393 1891 512 1925 SERV.
528 1892 629 1926 Unus
642 1893 695 1925 est
707 1891 793 1934 dies,
812 1892 898 1925 dum
911 1894 1099 1935 argentum
1110 1872 1238 1934 eripio:
1254 1902 1341 1934 pax:
1355 1892 1444 1925 nihil
1455 1892 1623 1934 amplius.

390 1947 457 1980 AD.
470 1947 624 1980 Tantum
634 1947 689 1980 sat
698 1946 809 1980 habes
816 1945 834 1980 ’ἒ
848 1946 941 1985 Quid
949 1948 1025 1979 tum
1035 1956 1180 1988 quaeso,
1192 1947 1224 1980 si
1232 1947 1298 1980 hoc
1306 1948 1407 1989 pater
1415 1947 1598 1980 resciverit
1605 1946 1629 1980 ἓ

394 2001 513 2035 SERV.
525 2001 620 2040 Quid
629 2001 660 2034 si
668 2001 772 2034 redeo
780 2001 826 2034 ad
833 2001 912 2034 illos
920 2001 982 2043 qui
990 2002 1093 2034 a'iunt
1104 2000 1202 2042 ‘quid
1211 2001 1242 2034 si
1251 2011 1348 2034 nunc
1356 2001 1492 2034 caelum
1502 2003 1584 2034 ruat
1591 2000 1624 2034 2’

399 2079 1627 2089 οοοοοοοοοοοοοοοοοοοοο

697 2212 864 2245 Phormio
886 2212 951 2245 559
977 2211 1065 2254 (aye
1087 2210 1192 2254 αρε»

428 2286 535 2314 Servus
553 2295 621 2314 cum
636 2286 780 2314 Phaedria
792 2286 981 2314 adulescente
993 2285 1088 2313 amico

390 2333 434 2361 eri
453 2333 500 2361 sui
517 2333 659 2369 loquitur,
678 2333 730 2369 qui
748 2333 874 2361 amicam
887 2341 984 2361 emere
997 2332 1087 2367 cupit,

391 2381 498 2416 cuique
518 2381 644 2417 pecunia
661 2381 753 2408 deest.

394 2445 514 2479 SERV.
533 2445 714 2484 Quantum
731 2446 794 2479 tibi
809 2447 915 2488 opust
929 2445 1075 2487 loquere
1090 2445 1256 2488 argenti?
1278 2446 1344 2479 AD.
1364 2446 1467 2480 Solae
1481 2447 1634 2489 triginta

393 2554 510 2589 SERv.
537 2554 728 2597 Triginta?
758 2554 843 2596 Hui,
875 2555 1069 2596 perearast,
1097 2554 1283 2588 Phaedria.
1311 2556 1377 2588 AD.
1405 2510 1634 2589 13ωέιὲἒὲ

1455 2610 1535 2642 vilis
1558 2611 1629 2642 est.

393 2662 513 2697 SERV.
539 2661 622 2706 Aqe
645 2672 727 2706 aye,
754 2663 918 2696 inventas
941 2662 1087 2695 reddam
1092 2687 1396 2697 ......
