1932 3121
280 516 359 560 481.

281 580 361 614 482.

280 633 360 667 433.

281 687 359 722 484.

279 742 360 776 485.

279 796 359 830 436.

279 850 358 883 437.

279 1178 358 1213 586.

279 1286 358 1320 587.

280 1395 359 1429 588.

280 1504 357 1554 589.

279 1612 357 1646 590.

278 1666 357 1700 591.

278 1775 356 1809 592.

278 1884 356 1917 593.

278 1992 356 2025 594.

277 2043 357 2080 595.

277 2375 354 2408 825.

276 2428 354 2463 826.

275 2535 354 2569 831.

941 282 985 315 27

636 385 850 419 Mostellaria
872 385 939 419 436
965 385 1107 429 (apaye
1129 384 1288 428 apaye):

409 459 506 488 Senex
526 467 646 495 peregre
666 460 786 488 domum
805 461 930 489 rediens.
1074 444 1079 447 Ι

412 526 558 560 ΒΕΝΕΧ.
587 526 709 560 Habeo
731 527 904 570 Neptune,
932 528 1084 571 gratiam
1108 537 1275 570 magnam
1299 527 1362 560 tibi

409 579 525 618 Quom
549 580 629 613 med
652 581 802 615 amisisti
825 581 890 615 abs
914 583 954 615 te·
971 582 1032 615 vix
1056 582 1175 616 vivom
1199 582 1358 615 domum.

409 635 539 667 Verum
563 635 594 667 si
617 635 765 677 posthae
787 645 844 669 me
866 637 991 679 pedem
1014 637 1126 669 latum
1149 636 1255 669 modo

411 688 508 722 Scies
531 689 708 730 inposisse
729 690 766 722 in
790 690 937 732 undum,
963 692 1036 723 han
1059 692 1214 732 eausast,
1232 686 1320 723 'ilico

408 742 512 781 Quod
535 753 632 777 nuno
655 744 798 777 voluisti
820 743 936 779 faeere
958 745 1044 788 quin
1069 745 1180 778 facias
1203 744 1300 777 mihi.

408 796 553 840 Apaye,
581 806 706 840 apaye
727 799 762 831 ve
784 808 805 831 a
829 808 885 832 me
907 800 1074 833 nunciam
1097 801 1179 841 post
1201 799 1299 831 huno
1321 799 1430 831 diem:

408 850 512 889 Quod
535 851 737 885 crediturus
760 852 823 885 tibi
847 853 910 895 fui,
936 856 1042 886 omne
1064 853 1207 887 credidi.

727 976 835 1009 Persa
858 976 921 1010 591
949 975 1047 1019 (tace
1071 975 1186 1018 tace):

410 1050 653 1085 (Indiynationis
673 1052 770 1086 lepide
789 1051 897 1086 fictae).

409 1111 531 1147 Captiva
550 1113 661 1147 persica
680 1113 799 1140 venibit.

410 1178 580 1213 SERVUS.
618 1180 751 1222 Indica,
789 1181 845 1214 fae
875 1181 1038 1222 pretium.
1077 1181 1198 1213 LENO.
1234 1180 1311 1213 Tua
1343 1189 1438 1212 mers
1468 1182 1542 1212 est:
1579 1181 1640 1212 tua

649 1252 655 1269 ε
1424 1234 1636 1267 indieatiost.

410 1286 534 1320 Smw1
565 1278 724 1321 Amous.
756 1288 915 1329 Aequom
946 1288 1002 1321 hic
1029 1290 1119 1321 orat.
1155 1288 1275 1321 SERv.
1303 1287 1427 1330 (prior).
1460 1288 1527 1321 Vin
1550 1287 1641 1321 bene

845 1341 987 1375 emere?
1012 1342 1133 1377 leo.
1159 1342 1226 1375 Vin
1249 1344 1289 1375 tu
1312 1342 1435 1384 pulcre
1458 1341 1639 1375 vendere?

411 1395 529 1428 SERV.
559 1395 680 1438 (amia).
715 1397 792 1438 Ego
815 1397 887 1429 scio
910 1397 1026 1429 hercle
1048 1398 1242 1438 utrumque
1264 1397 1362 1429 velle.
1398 1397 1518 1430 LENO.
1551 1398 1636 1439 Age,

1260 1450 1376 1484 indica
1399 1451 1635 1494 prognariter.

410 1504 528 1538 SERV.
558 1503 633 1547 (pr.)
660 1505 764 1537 Prius
787 1505 881 1538 dico:
906 1506 997 1538 hane
1016 1506 1205 1547 mancupio
1224 1515 1327 1538 nemo
1346 1505 1409 1539 tibi
1425 1506 1535 1539 dabit.
1562 1507 1638 1539 Iam

1270 1559 1368 1593 sois?
1393 1560 1514 1593 LENO.
1544 1560 1635 1594 Soio.

407 1613 541 1655 Indica,
568 1614 727 1646 minumo
750 1614 900 1646 daturus
924 1614 985 1655 qui
1009 1614 1069 1655 sis,
1096 1614 1158 1655 qui
1181 1614 1263 1646 duci
1286 1616 1403 1655 queat.

409 1666 528 1700 SERV.
564 1666 685 1709 (amia).
723 1666 824 1709 Tdce,
861 1666 1001 1709 taceo:
1032 1668 1137 1700 nimis
1163 1668 1203 1699 t1'1
1226 1668 1369 1709 quidem
1393 1668 1510 1701 hercle
1533 1669 1639 1702 homo

1223 1722 1355 1755 stfiltus
1378 1731 1417 1755 es
1441 1723 1635 1764 pueriliter.

406 1777 526 1809 LENO.
554 1776 648 1814 Quid
671 1776 748 1809 ita?
775 1777 893 1810 SERv.
922 1776 1042 1818 (amia).
1069 1776 1160 1814 Quia
1181 1777 1275 1809 enim
1294 1779 1329 1809 te
1344 1786 1388 1809 ex
1403 1777 1521 1819 puella
1537 1777 1638 1818 prius

1335 1832 1535 1873 pereontari
1559 1832 1639 1865 volo

406 1884 505 1923 Quae
528 1885 573 1918 ad
598 1895 672 1918 rem
696 1885 866 1918 referunt.
900 1886 1019 1917 LENO.
1052 1885 1165 1926 Atque
1187 1885 1304 1918 hercle
1326 1887 1365 1918 tu
1389 1895 1446 1918 me
1469 1886 1639 1929 monuisti

1437 1940 1508 1973 hau
1534 1941 1635 1974 male.

405 1992 491 2025 Vide
514 1993 576 2035 sis,
603 2002 669 2035 ego
691 1993 748 2026 ille
770 1993 895 2026 doctus
917 1993 997 2025 leno
1020 2002 1131 2034 paene
1154 1992 1190 2025 in
1213 1993 1351 2025 foveam
1377 1993 1501 2027 decidi.

405 2047 448 2079 Ni
471 2047 528 2080 hio
551 2047 706 2080 adesses.

575 2120 732 2156 (Sequitur
750 2121 903 2148 altercatio
922 2129 983 2156 qua
1002 2121 1067 2149 leno
1087 2121 1184 2156 lepide
1202 2121 1460 2156 circumducitur.)

741 2236 920 2269 Poenulus
943 2235 1008 2268 833
1034 2225 1152 2277 (αἰαὶ)
1163 2246 1171 2268 :

407 2309 533 2337 Lenonis
552 2317 654 2337 servus
673 2317 772 2337 secum
794 2310 934 2345 loquitur.

407 2375 527 2408 SERV.
553 2375 675 2416 Neque
697 2375 872 2417 periurior
895 2384 1010 2416 neque
1032 2375 1130 2416 peior
1153 2376 1241 2408 alter
1265 2380 1456 2418 usquamst
1480 2379 1639 2421 gentium

404 2428 519 2467 Quam
532 2438 616 2462 erus
630 2438 730 2462 meus
738 2430 802 2471 est,
819 2438 934 2471 neque
940 2430 1013 2461 tam
1021 2428 1139 2462 luteus
1149 2439 1265 2472 neque
1272 2432 1344 2464 tam
1354 2441 1464 2465 caeno
1472 2433 1637 2467 coalitus,

403 2536 563 2574 Quodvis
577 2546 690 2579 genus
703 2537 751 2569 ibi
765 2537 947 2570 hominum
963 2537 1096 2579 videas,
1115 2539 1221 2580 quasi
1233 2539 1470 2573 Acheruntem
1485 2542 1635 2584 venerim

314 2670 340 2705 1)
377 2674 501 2712 accentu
521 2674 635 2699 mutato
654 2675 685 2700 et
703 2672 881 2707 quantitate.
