1932 3121
252 991 429 1025 Praefatio
443 1015 1103 1026 ............
1131 995 1135 998 “
1153 1016 1457 1025 ......
1528 1012 1539 1018 ·
1597 992 1613 1026 1

253 1068 369 1110 eaput
391 1067 420 1100 Ι.
511 1066 603 1105 Quid
629 1076 699 1100 vox
722 1066 970 1109 geminationis
993 1067 1247 1109 complectatur
1272 1091 1281 1100 .
1330 1091 1339 1099 .
1388 1091 1397 1100 .
1448 1091 1457 1099 .

253 1122 369 1184 &aput
392 1142 442 1174 ΙΙ.
486 1173 489 1175 ,
513 1141 607 1179 Quid
630 1141 674 1174 de
697 1141 934 1183 geminatione
956 1142 1023 1183 ipsi
1050 1143 1185 1174 veteres
1208 1141 1419 1174 tradiderint
1446 1166 1456 1175 .
1594 1141 1615 1174 3
1657 1160 1661 1165 .

564 1216 604 1248 A.
634 1215 833 1258 Scriptores
857 1215 982 1250 Graeci
1034 1240 1459 1249 ........
1529 1215 1549 1249 3

565 1291 607 1324 Β.
636 1290 835 1332 Scriptores
860 1290 975 1323 Latini
1034 1314 1042 1322 .
1094 1314 1102 1322 .
1153 1314 1161 1322 .
1211 1314 1219 1322 .
1258 1314 1279 1336 ,·
1331 1314 1339 1321 .
1388 1313 1397 1322 .
1447 1313 1456 1322 .
1527 1290 1548 1322 5

565 1363 603 1396 C.
621 1364 671 1396 De
685 1364 793 1396 variis
806 1364 1022 1405 nominibus,
1046 1375 1079 1411 a..
1095 1364 1251 1406 Graecis,
1275 1363 1311 1405 β.
1326 1364 1460 1397 Latinis
1528 1363 1549 1396 8

565 1439 605 1471 D.
633 1439 840 1481 Resumptio
863 1440 897 1472 et
921 1439 1137 1472 definitionis
1160 1425 1318 1472 defensio
1331 1463 1339 1471 .
1388 1453 1398 1471 ·.
1449 1463 1457 1471 .
1508 1437 1549 1471 10

565 1513 606 1544 Ε.
635 1513 685 1544 De
708 1522 777 1544 usu
801 1512 970 1555 vocabuli,
987 1513 1235 1555 geminationis
1273 1537 1281 1546 .
1332 1537 1339 1545 .
1390 1537 1398 1545 .
1449 1537 1457 1544 .
1508 1511 1546 1544 11

252 1588 368 1629 Caput
393 1587 461 1620 III.
512 1587 595 1620 Loci
626 1597 669 1620 ex
702 1588 828 1620 Plauto
850 1589 885 1621 et
908 1588 1071 1621 Terentio
1087 1588 1237 1631 collecti,
1264 1588 1325 1621 ubi
1349 1597 1455 1621 verae

566 1662 822 1704 geminationes
844 1663 1025 1705 leguntur,
1048 1663 1183 1696 adiecto
1198 1663 1307 1702 animi
1323 1662 1453 1706 affeetu

567 1736 664 1768 vocis
688 1736 867 1777 simplicis,
894 1736 956 1777 qui
976 1736 1212 1778 geminatione
1227 1713 1454 1769 asseveratur

569 1808 758 1852 (divisione
780 1810 942 1842 instituta
964 1810 1160 1843 secundum
1177 1810 1286 1843 animi
1302 1810 1453 1844 affectus

564 1882 698 1925 varios)
737 1907 1455 1916 .............
1574 1883 1615 1916 13

517 1967 519 1969 ’
565 1959 603 1990 A.
634 1958 687 1990 Ex
711 1958 837 1991 Plauto
858 1982 1457 1991 ...........
1507 1957 1549 1990 13

563 2032 603 2064 Β.
632 2032 686 2064 Ex
711 2032 875 2064 Terentio
915 2056 1457 2065 ..........
1505 2032 1548 2065 49

562 2106 898 2138 Animadversiones
922 2106 1070 2138 selectae
1094 2130 1455 2139 .......
1505 2105 1548 2138 63

252 2180 366 2220 Caput
389 2180 449 2212 IV.
509 2180 559 2212 De
583 2179 618 2211 vi
641 2179 889 2222 geminationis
913 2202 1456 2212 ..........
1572 2178 1615 2211 68

252 2255 367 2295 Caput
390 2255 429 2286 V.
510 2254 560 2286 De
584 2253 775 2286 Woelfflini
799 2252 1050 2294 disputationis
1074 2238 1215 2285 summa
1269 2277 1277 2284 .
1328 2277 1336 2285 .
1387 2278 1395 2285 .
1428 2278 1456 2295 η.
1571 2253 1614 2286 92

251 2327 333 2360 Loci
357 2328 393 2359 in
418 2327 483 2359 hoc
506 2327 681 2369 opusculo
705 2326 845 2359 tractati
871 2326 1025 2358 Plautini
1048 2327 1082 2358 et
1106 2326 1307 2358 Terentiani
1329 2350 1337 2358 .
1387 2350 1395 2358 .
1446 2350 1454 2358 .
1571 2325 1614 2359 99

844 2546 1020 2569 ῳιῌ

789 636 1083 682 INDEX.
