1932 3121
300 369 377 403 928.

299 425 378 458 929.

299 533 377 567 930.

298 587 374 620 931.

297 957 373 990 231.

296 1065 373 1097 232.

296 1119 372 1152 233.

296 1173 373 1205 234.

295 1228 371 1261 235.

295 1337 371 1370 236.

294 1500 387 1533 239³.

293 1555 388 1589 23912.

293 1610 385 1643 240³.

292 1663 387 1697 24012.

290 2029 367 2063 866.
383 2007 396 2042 ’-

290 2083 367 2116 867.

289 2137 366 2170 868.

289 2246 365 2279 869.

288 2303 365 2336 870.

962 266 1005 298 44

426 369 494 403 ΑΙ).
506 367 623 403 Μάηε
631 378 746 403 mane
754 367 795 412 1),
812 368 980 403 Chartae.
991 371 1064 403 Au.
1077 360 1188 403 Erras
1197 379 1206 404 ε
1216 379 1273 404 me
1281 370 1442 414 decipere
1449 368 1546 403 hafid
1555 370 1670 413 potes.

426 425 494 458 AD.
528 425 651 466 Neque
684 424 808 466 edepol
840 424 932 457 volo.
966 424 1039 458 AM.
1073 424 1168 472 Quin
1200 426 1240 458 tu
1271 435 1358 468 ergo
1387 424 1493 458 itiner
1523 424 1672 466 exsequi

1327 489 1445 514 meum
1469 488 1527 512 me
1551 477 1670 512 sinis?

424 534 492 566 ΑΙ).
504 533 583 566 Non
597 533 687 566 sino.
703 533 776 566 ΑΜ.
788 533 866 576 Ego
875 543 931 566 me
938 543 1071 567 moror.
1084 533 1150 573 Tu.
1163 543 1283 576 puere,
1295 534 1354 568 abi
1363 534 1548 568 hincintro
1555 533 1668 567 ocius.

426 587 503 620 Iam
527 587 564 620 in
589 596 736 619 currum
760 587 914 629 escendi,
941 588 1010 620 iam
1036 588 1112 620 lora
1135 588 1172 620 in
1197 597 1327 621 manus
1350 588 1426 630 cepi
1449 597 1559 621 meas.

665 741 864 774 Pseudolus
888 741 969 774 240ἂι
996 741 1126 784 (mane
1148 740 1299 783 mane):

464 829 646 856 Adulescens
675 837 742 856 cum
773 830 916 856 Pseudolo
942 838 1025 856 servo
1051 829 1131 856 fideli

427 876 566 912 loquitur.

424 958 490 989 ΑΙ).
519 957 613 994 Quid
638 957 723 989 mihi
749 957 780 989 's
804 959 928 990 auctor
944 957 1027 990 huic
1046 957 1095 999 (se.
1113 956 1216 998 temoni)
1232 958 1273 989 ut
1288 957 1437 997 mittam,
1460 965 1505 988 ne
1517 956 1667 988 amicam

1225 1010 1283 1044 hie
1306 1020 1421 1044 meam
1446 1008 1668 1052 prostituat?

426 1065 544 1098 SERV.
557 1066 613 1097 Nil
622 1066 797 1098 curassis:
811 1066 946 1106 liquido
957 1066 987 1098 ’s
997 1058 1132 1099 animb:
1145 1076 1212 1108 ego
1220 1075 1286 1108 pro
1295 1075 1351 1099 me
1359 1068 1394 1098 et
1403 1074 1468 1106 pro
1476 1067 1511 1098 te
1518 1065 1662 1098 curabo.

423 1119 499 1152 lam
512 1119 575 1152 diu
587 1128 653 1161 ego
665 1119 748 1152 huie
760 1119 850 1152 bene
862 1121 895 1152 et
910 1119 966 1152 hic
981 1119 1065 1152 mihi
1078 1120 1245 1152 volumus
1258 1121 1292 1152 et
1304 1119 1491 1166 amicitiast
1500 1117 1666 1159 antiqua:

423 1174 560 1207 Mittam
569 1174 674 1207 hodie
682 1174 765 1207 huic
776 1184 842 1207 suo
851 1174 908 1207 die
916 1175 1025 1207 natali
1035 1175 1164 1208 malam
1174 1169 1426 1217 rem'magnam
1434 1175 1468 1206 et
1477 1175 1667 1206 maturam.

422 1229 489 1261 ΑΙ).
517 1229 611 1268 Quid
631 1228 766 1271 opust?
795 1229 913 1262 SERV.
935 1230 1036 1262 Potin
1055 1230 1159 1263 aliam
1177 1239 1252 1263 rem
1267 1233 1307 1262 ut
1322 1228 1454 1262 eures?
1479 1229 1547 1264 AD.
1566 1228 1609 1260 At
1621 1245 1665 1251 -—

781 1283 900 1316 SERV.
929 1284 1006 1316 Bat.
1034 1284 1102 1316 AD.
1130 1284 1289 1317 Crucior.
1318 1283 1438 1316 SERV.
1465 1283 1534 1316 Cor
1558 1282 1660 1314 dura.

422 1337 490 1370 AD.
528 1338 606 1370 Non
644 1346 802 1379 possum.
845 1337 963 1370 SERv.
1001 1338 1069 1371 Fac
1100 1338 1228 1380 possis.
1263 1338 1330 1370 ΑΙ).
1365 1337 1529 1375 Quonam
1562 1338 1668 1379 pacto

1125 1392 1284 1434 †possim
1309 1392 1451 1425 vincere
1473 1390 1664 1424 animum?

422 1500 453 1534 Ο
478 1500 652 1533 Pseudole
675 1501 734 1543 mi,
762 1501 839 1534 sine
863 1501 930 1534 sim
955 1501 1033 1534 nili:

425 1556 524 1589 Mitte
532 1565 589 1589 me
598 1556 657 1589 sis.
670 1555 787 1589 SERV.
798 1555 883 1589 Sine
892 1556 997 1589 modo
1005 1566 1071 1599 ego
1079 1556 1214 1589 abeam.
1224 1555 1337 1599 (Servus
1347 1565 1456 1587 »nuans
1463 1570 1490 1587 ne
1498 1554 1663 1597 abiturum.)

421 1611 489 1643 ΑΙ).
515 1609 632 1643 Mane
654 1611 769 1644 moine
778 1610 829 1652 2):
855 1611 925 1643 iam
951 1613 990 1643 ut
1015 1611 1111 1643 voles
1135 1611 1215 1643 med
1239 1612 1319 1644 esse
1341 1611 1389 1644 ita
1413 1620 1484 1643 ero.

425 1664 545 1697 SERV,
571 1665 675 1697 Nunc
697 1666 737 1697 tu
762 1665 858 1706 sapis
908 1689 1511 1697 ...........

620 1812 854 1844 Trinummus
876 1812 944 1845 870
970 1811 1134 1854 (aperite
1156 1810 1336 1854 aperite):

458 1900 648 1936 Sycophanta.
666 1901 787 1928 ianuam
803 1902 900 1936 pultat
914 1902 1050 1928 adstante
1064 1909 1133 1928 sene

419 1948 538 1975 domino
558 1948 686 1975 aedium.

420 2029 510 2062 SYC.
537 2030 613 2062 Has
646 2030 808 2072 regiones
839 2030 1097 2063 demonstravit
1129 2030 1215 2062 mihi
1243 2029 1301 2062 ille
1324 2029 1518 2062 conductor
1541 2039 1660 2063 meus:

417 2083 521 2125 Apud
544 2083 623 2116 illas
647 2084 744 2116 aedis
768 2084 947 2116 sistendae
970 2084 1056 2116 mihi
1081 2085 1166 2117 sunt
1191 2083 1456 2126 sycophantiae.

418 2137 527 2170 Fores
563 2137 720 2179 pultabo.
762 2137 853 2170 SEN.
894 2137 1028 2180 (aemam).
1067 2138 1119 2171 Ad
1157 2140 1299 2184 nostras
1331 2138 1428 2171 aedis
1458 2138 1659 2181 hicquidem

1260 2192 1367 2225 habet
1390 2194 1521 2226 rectam
1546 2193 1658 2226 viam:

416 2247 546 2279 Hercle
569 2247 696 2287 opinor
720 2247 768 2279 mi
792 2247 993 2280 advenienti
1018 2247 1085 2280 hac
1109 2249 1216 2280 noctu
1240 2247 1484 2289 agitandumst
1504 2247 1655 2290 vigilias.

418 2303 508 2337 SYc.
547 2293 705 2347 A'perite
743 2303 824 2346 hoc,
863 2304 1011 2347 aperite
1028 2303 1070 2346 3).
1116 2305 1228 2346 Heus,
1268 2305 1389 2345 ecquis
1428 2304 1485 2337 his
1519 2305 1660 2339 foribus

1368 2359 1512 2392 tutelam
1538 2359 1658 2402 gerit?

324 2561 349 2595 1)
387 2565 511 2589 accentu
533 2565 649 2590 mutato
669 2566 699 2590 et
718 2564 896 2598 quantitate.

322 2609 348 2642 2)
386 2612 511 2637 accentu
531 2613 654 2637 mutato.

322 2655 348 2688 3)
387 2659 510 2683 accentu
532 2659 648 2683 mutato
668 2660 699 2684 et
719 2658 897 2692 quantitate.
