1932 3121
269 650 347 683 254.

269 703 346 736 255.

216 2610 219 2613 '
277 2619 353 2653 306.

927 296 969 329 53

641 429 820 471 Adelphos
842 428 908 462 256
933 427 1069 470 (frater
1091 427 1253 469 fratem:

430 520 612 548 Adulescens
624 526 724 546 secum
738 518 872 553 loquitur
884 517 921 545 de
930 517 1030 553 fratre,
1040 518 1090 553 qui

394 568 519 595 amicam
538 574 575 593 ex
593 565 708 593 lenonis
727 564 864 592 manibus
881 565 999 599 eripuit.

394 648 468 680 Abs
479 646 599 689 quivis
611 642 764 687 homine,
783 646 928 687 quomst
939 654 1042 687 opus,
1061 645 1273 678 beneficium
1285 645 1443 687 accipere
1455 645 1630 687 gaudeas:

394 702 526 734 Verum
549 700 643 733 enim
667 709 752 732 vero
774 699 810 732 id
833 699 976 732 demum
1000 699 1110 741 iuvat,
1138 700 1168 732 si
1191 709 1297 741 quem
1314 700 1501 740 aequomst
1516 699 1633 732 faeere

1366 753 1398 785 is
1420 752 1511 785 bene
1533 752 1628 785 facit.

269 810 346 844 256.
395 809 426 843 Ο
448 808 570 842 frater
592 807 723 849 frater,
750 806 838 849 quid
860 816 926 849 ego
949 816 1046 840 nune
1068 808 1103 840 te
1121 806 1291 840 laudem?
1318 806 1413 840 Satis
1429 809 1525 840 eerto
1541 807 1631 841 seio:

270 865 348 898 257.
396 864 601 905 Numquam
635 862 684 895 ita
719 861 908 904 magnifiee
940 862 1132 903 quiequam
1166 862 1292 904 dicam,
1329 862 1364 894 id
1397 862 1513 895 virtus
1544 863 1631 904 quin

1389 919 1533 960 superet
1555 919 1628 950 tua.

271 973 348 1007 258.
397 973 524 1015 Itaque
551 982 660 1006 unam
686 972 779 1005 hano
802 981 876 1005 rem
901 981 956 1004 me
979 971 1110 1004 habere
1131 974 1270 1013 praeter
1293 972 1381 1005 alios
1404 973 1631 1014 praecipuam

1463 1025 1628 1068 arbitror,

271 1081 348 1115 259.
397 1081 558 1113 Fratrem
582 1080 717 1114 homini
726 1079 858 1113 nemini
866 1088 946 1112 esse
953 1079 1150 1121 primarum
1159 1080 1289 1113 artium
1298 1081 1413 1123 magis
1421 1081 1628 1123 principem.

565 1168 626 1203 (Cf.
646 1169 739 1197 etiam
759 1165 928 1202 268—270.)

274 1351 534 1385 Confidentiae
546 1362 554 1385 :
1035 1379 1038 1381 .

693 1426 892 1459 Eunuchus
916 1425 980 1458 295
1006 1424 1089 1468 (ubi
1111 1424 1216 1467 ubo:

437 1516 617 1543 Adulescens
632 1515 664 1543 in
676 1515 726 1545 >vin
741 1515 884 1562 virginem
895 1489 987 1543 visam
998 1515 1096 1542 subito

400 1571 499 1590 amore
518 1563 632 1598 deperit
649 1570 776 1598 eamque
788 1570 804 1590 e
817 1565 974 1597 conspeetu
988 1562 1095 1590 amisit.

274 1644 351 1677 292.
799 1642 935 1676 Oocidi!

274 1697 351 1731 293.
400 1697 523 1739 Neque
558 1697 693 1740 virgost
728 1707 882 1739 usquam
913 1706 1029 1739 neque
1058 1706 1135 1739 ego,
1173 1697 1235 1739 qui
1265 1697 1361 1731 illam
1391 1708 1411 1731 e
1441 1701 1633 1741 eonepeetu

1414 1762 1517 1785 ammi
1541 1762 1629 1786 meo.

274 1806 350 1839 294.
400 1806 468 1839 Ubi
484 1815 665 1847 quaeram,
690 1805 751 1838 ubi
766 1805 987 1847 investigem,
1007 1814 1112 1846 quem
1129 1806 1325 1847 perconter,
1344 1815 1452 1847 quam
1469 1806 1634 1840 insistam

275 1914 352 1949 295.
401 1915 565 1948 Incertus
597 1924 689 1948 sum.
723 1915 801 1948 Una
833 1914 918 1947 haee
949 1923 1031 1956 spes
1061 1916 1131 1947 est:
1163 1913 1231 1947 ubi
1255 1912 1324 1947 ubi
1345 1917 1409 1956 est,
1443 1915 1505 1947 diu
1524 1871 1634 1948 ἓξὲξ-’ἰ

1409 1979 1481 2002 non
1504 1971 1631 2012 potest.

699 2097 865 2130 Phormio
888 2097 952 2130 303
978 2096 1073 2140 (non
1096 2096 1209 2140 nom:

439 2187 534 2215 Senex
560 2196 629 2215 cum
649 2195 733 2214 servo
751 2195 805 2214 suo
828 2186 877 2214 filii
897 2187 1036 2221 magistro
1055 2187 1098 2213 lo-

400 2234 513 2270 quitur,
522 2242 613 2269 quem
628 2233 750 2268 (filium)
764 2242 866 2261 servus
875 2233 925 2261 ille
934 2241 1004 2261 sene
1013 2241 1097 2268 pere-

403 2281 539 2317 grinante
574 2289 696 2309 uxorem
731 2281 838 2309 ducere
865 2280 934 2308 sivit
961 2281 1099 2315 puellam,
1130 2294 1134 2298 -

401 2335 493 2363 quam
506 2330 661 2363 cognatam
675 2335 740 2354 esse
754 2327 849 2362 lepide
862 2326 947 2353 finxit
961 2326 1097 2353 Phormio

401 2374 556 2409 parasitus.

276 2454 354 2489 303.
405 2479 598 2489 ......
627 2455 719 2489 SEN.
745 2454 843 2497 Non,
869 2463 949 2488 non
973 2454 1023 2487 sie
1045 2454 1265 2489 futurumst:
1290 2465 1363 2489 non
1386 2459 1514 2499 potest.

277 2510 353 2544 304.
403 2511 506 2553 Egon
529 2510 624 2543 illam
648 2520 730 2544 eum
753 2510 812 2543 illo
834 2512 874 2542 ut
896 2509 1012 2551 patiar
1034 2510 1183 2551 nuptam
1207 2519 1322 2543 unum
1346 2511 1467 2545 diem?

277 2564 355 2598 305.
403 2565 459 2597 Nil
483 2574 595 2598 suave
617 2565 829 2598 meritumst.
854 2563 1044 2597 Hominem
1067 2565 1380 2599 commonstrarier

402 2619 489 2653 Mihi
511 2620 621 2653 istum
645 2620 726 2653 volo
748 2621 811 2653 aut
832 2616 895 2652 'ubi
918 2619 1051 2652 habitet
1074 2619 1364 2654 demonstrarier.
1406 2644 1409 2647 ⁴

277 2673 354 2706 307.
406 2673 526 2707 SERV.
551 2675 685 2716 Nempe
704 2672 980 2707 Phormionem?
1007 2673 1098 2706 SEN.
1121 2672 1238 2707 Istum
1257 2676 1449 2716 patronum
1465 2675 1636 2708 mulieris.
