1932 3121
251 418 255 424 ·
284 410 495 447 Sed-'etiam
518 409 558 443 'si
585 409 739 444 dativus
769 408 808 442 in
837 407 1040 450 antiquiore
1069 407 1264 442 Latinitate.
1287 413 1360 441 non
1382 409 1529 451 extaret,
1555 418 1600 443 ex

236 461 373 513 lingna
383 463 560 500 Hebraiea
575 453 723 497 1111111010
733 459 946 505 desumptus
961 467 1041 504 essa
1056 461 1248 496 videretur.
1273 462 1364 496 Nam
1379 472 1599 506 quamquam

236 517 428 565 geminafio
456 518 492 551 et
521 516 632 550 variis
661 516 777 550 modis
806 517 841 550 et
871 524 978 558 saepe
1001 516 1195 559 invenitur,
1221 516 1375 550 elativus
1405 517 1493 550 satis
1517 526 1600 550 raro

235 570 367 641 iegitur
377 569 422 614 ²)

271 624 505 664 Woelfflinus
548 624 659 667 igitur
699 624 841 668 scriptis
883 600 1069 659 Hebraicis
1109 633 1182 659 non
1223 625 1313 668 ipsis
1351 621 1418 658 sed
1459 626 1599 658 tantum

237 679 464 723 versionibus
505 682 540 712 et
571 677 683 713 libris
715 677 986 722 grammaticam
1017 679 1254 714 tractantibus
1288 689 1390 722 usus,
1428 689 1470 713 eo
1502 679 1600 722 quod

236 733 428 778 geminatio
456 733 619 767 iterativa
649 732 858 775 saepissime
885 733 1040 767 occurrit
1061 734 1256 777 perductus
1278 743 1358 767 esse
1381 734 1533 775 videtur,
1559 737 1600 766 ut

237 789 410 822 statueret
430 787 476 820 de
497 787 627 822 eiativo
649 787 685 820 in
709 787 833 829 lingua
856 787 1045 829 Hebraica,
1071 788 1168 829 quod
1190 788 1236 820 de
1254 788 1491 830 geminatione
1506 790 1600 820 1-8818

237 843 395 876 statuere
416 841 601 884 potuisset.

281 895 328 930 Ut
356 895 466 929 finem
497 895 636 937 1081010,
671 905 727 929 018
757 896 872 929 iudice
900 897 979 929 tuto
1006 898 1163 930 statuere
1185 897 1302 938 possis
1325 896 1598 938 geminationem

235 950 274 984 in
311 949 480 983 omnibus
520 949 653 992 linguis
688 950 841 983 inveniri
877 949 1030 992 (variato
1063 960 1134 984 usu
1168 960 1213 983 ex
1246 951 1390 993 ingenio
1424 950 1599 992 cuiusque

236 1003 373 1054 populi)
405 1013 521 1046 neque
549 1000 659 1037 ullam
690 1013 837 1039 80110001
866 1014 958 1048 esse,
991 1014 1057 1039 cur
1086 1005 1360 1048 geminationem
1390 1005 1531 1047 qualem
1561 1014 1600 1037 08
1656 1022 1659 1025 -

235 1050 391 1093 ostendit
412 1058 450 1092 in
477 1057 628 1091 ‘elativo'
649 1058 793 1101 linguae
807 1059 920 1093 Italae
934 1069 956 1093 a
971 1056 1210 1108 geminatione
1225 1060 1350 1092 Latina
1367 1060 1598 1102 seiungamus

236 1114 273 1146 et
292 1121 336 1146 ex
358 1110 482 1161 lingua
506 1111 681 1146 Hebraica
703 1114 819 1147 ortam
841 1122 922 1147 esse
943 1114 1122 1156 putemus.

283 1165 389 1200 Solus
411 1167 443 1200 is
466 1167 528 1209 qui
552 1167 675 1200 vivum
698 1177 899 1201 sermonem
922 1168 1138 1201 cotidianum
1163 1169 1270 1210 negat
1289 1168 1410 1210 magni
1429 1146 1598 1200 momenti

236 1229 318 1253 esse
357 1220 396 1253 10
438 1229 633 1263 progressu
674 1221 829 1263 linguae,
867 1230 910 1254 80
946 1221 1136 1255 decurrere
1172 1223 1299 1263 potest,
1344 1222 1384 1254 ut
1421 1223 1599 1254 momento

235 1275 382 1308 externo
425 1275 565 1308 tantum
612 1274 756 1308 tribuat.
805 1255 933 1317 Itaque
974 1275 1198 1308 Woelfflinus
1239 1285 1394 1317 quoque,
1438 1275 1598 1308 imbutus

272 1476 299 1511 1)
336 1477 474 1510 Quaesivi
497 1478 588 1512 enim,
613 1485 687 1505 num
712 1477 742 1504 in
762 1477 878 1512 scriptis
897 1477 1047 1505 Hebraicis
1064 1477 1226 1513 geminatio
1245 1477 1303 1504 1010
1321 1476 1533 1505 adiectis-orum
1553 1477 1597 1503 vel

235 1523 441 1552 adverbiorum
458 1532 550 1560 quam
569 1524 755 1552 Woelfflinus
767 1524 910 1552 elativum
924 1523 1069 1559 nominat,
1084 1525 1169 1551 tanto
1181 1524 1299 1559 saepius
1311 1523 1494 1551 inveniretur
1506 1531 1596 1559 quam

235 1571 267 1598 in
284 1570 402 1606 scriptis
420 1570 542 1606 Latinis,
560 1573 651 1606 atque
669 1571 798 1606 comperi
816 1579 885 1598 eum
904 1571 1046 1599 erravisse
1068 1571 1254 1605 perductum,
1276 1570 1372 1604 credo,
1391 1570 1470 1605 quod
1483 1569 1599 1604 scriptis

235 1615 384 1644 Hebraicis
407 1616 477 1651 ipsis
501 1624 574 1644 usus
599 1624 658 1643 non
677 1619 731 1651 at,
749 1616 800 1644 sed
819 1619 940 1644 tantum
959 1616 1143 1644 versionibus
1161 1619 1193 1644 et
1210 1617 1290 1652 quod
1310 1616 1458 1644 versiones
1476 1615 1597 1642 Latinas

234 1664 354 1698 patrum
378 1662 642 1691 ecclesiastieorum
668 1671 703 1691 ex
728 1662 832 1698 lingua
857 1662 999 1691 Hebraiea
1023 1663 1060 1691 ad
1086 1663 1209 1691 verbum
1231 1663 1379 1691 consectas
1398 1670 1461 1690 oese
1481 1661 1598 1697 putavit

234 1712 267 1737 et
292 1709 416 1737 fortasse
443 1710 535 1737 etiam
564 1710 641 1745 quod
670 1710 830 1745 geminatio
858 1710 995 1738 iterativa
1020 1713 1052 1738 81
1073 1710 1191 1738 iteratio
1217 1710 1402 1745 singularum
1428 1709 1595 1736 litterarum

234 1758 325 1792 atque
357 1755 491 1785 eiusdem
525 1756 659 1784 vocabuli
693 1757 914 1793 aliquantulum
949 1757 1060 1784 mutati
1095 1757 1126 1784 in
1161 1756 1276 1791 scriptis
1304 1755 1452 1783 Hebraicis
1479 1755 1597 1790 saepius

234 1803 370 1832 occurrit.

272 1850 418 1888 Equidem
451 1852 565 1887 repperi
598 1852 629 1879 in
664 1851 738 1879 libro
771 1851 880 1887 Moysis
905 1851 1034 1880 secundo
1062 1849 1094 1878 C.
1121 1850 1215 1878 1—20
1242 1856 1355 1885 septem
1383 1850 1599 1885 geminationes

234 1897 338 1934 quales
363 1898 550 1927 Woelfflinus
567 1899 729 1926 intensivas
748 1898 883 1926 nominat
901 1906 954 1926 seu
973 1897 1174 1932 affirmativas,
1191 1897 1222 1925 in
1242 1897 1351 1932 quibus
1369 1905 1420 1924 sex
1441 1897 1595 1924 nominum

233 1943 496 1981 substantivorum,
516 1953 606 1973 unam
625 1948 745 1973 tantum
764 1945 908 1981 adiectivi,
927 1952 1004 1981 quae
1023 1944 1126 1972 haberi
1145 1946 1240 1979 potest
1253 1944 1284 1971 in
1299 1943 1459 1972 Woelfflini
1472 1943 1597 1971 elativis.

234 1992 268 2019 1u
286 1990 407 2020 cantico
426 1993 576 2020 Debborae
594 1992 670 2023 (iud.
690 1993 720 2027 5)
739 1992 1105 2029 quinque-geminationes
1123 1991 1288 2019 intensivae
1306 1992 1475 2024 occurrunt,
1494 1998 1598 2017 omnes

233 2037 486 2066 substantivorum
505 2042 536 2066 et
554 2039 719 2074 verborum,
738 2040 821 2067 0111Ιο
839 2037 975 2067 01118811νί
993 2039 1040 2065 vel
1058 2037 1196 2065 adverbii.
1215 2037 1249 2064 In
1269 2036 1390 2064 0001180
1407 2035 1598 2063 Canticorum

233 2084 334 2111 notavi
365 2084 583 2120 geminationes
601 2086 684 2121 duas,
718 2085 820 2113 ambas
852 2085 940 2113 verbi.
969 2085 1003 2112 In
1033 2084 1191 2120 prophetae
1220 2083 1312 2116 isaiae
1341 2083 1416 2110 libro
1445 2082 1477 2110 G.
1504 2082 1598 2110 1-40

233 2131 373 2158 annotavi
396 2131 523 2158 sedecim
549 2131 773 2167 geminationes,
797 2132 829 2159 in
854 2131 964 2167 quibus
988 2138 1080 2158 unam
1104 2132 1223 2157 tantum
1249 2130 1313 2157 sine
1339 2129 1428 2157 dubio
1454 2129 1599 2164 adiectivi,

232 2176 306 2204 innd
331 2175 469 2205 ‘Sanctus
487 2176 614 2206 Sanetus
632 2177 768 2206 Sanctus'
787 2177 831 2213 (C.
850 2177 869 2206 6
888 2186 895 2205 :
915 2177 956 2213 3),
974 2180 1089 2206 ceterae
1107 2179 1179 2204 sunt
1196 2176 1413 2213 geminationes
1432 2167 1598 2204 substanti-

233 2229 348 2259 vorum,
371 2216 537 2260 verborum,
561 2225 695 2253 omnium
721 2225 937 2254 sententiarum
957 2230 988 2252 et
1005 2223 1246 2252 interiectionum
1265 2222 1395 2250 incertae
1413 2222 1544 2258 originis.
1564 2222 1598 2249 In

233 2269 264 2297 Ο.
292 2269 404 2298 40-55
438 2272 577 2300 undecim
612 2273 751 2300 annotavi
784 2272 1009 2309 geminationes,
1036 2271 1068 2298 in
1101 2270 1210 2306 quibus
1238 2269 1353 2297 nullam
1381 2269 1517 2297 adiectivi
1545 2278 1597 2297 seu

233 2316 370 2345 adverbii.
389 2317 422 2345 In
442 2317 473 2345 G.
493 2318 605 2347 56-66
623 2327 714 2347 unam
734 2319 920 2353 substantivi,
939 2318 1014 2346 duas
1027 2317 1192 2351 verborum,
1212 2324 1304 2344 unam
1318 2317 1412 2344 totius
1424 2317 1598 2344 sententiae.

233 2363 330 2391 Etiam
353 2364 385 2392 in
411 2363 494 2393 libris
519 2366 572 2401 qui
597 2366 633 2393 de
657 2365 850 2401 grammatica
875 2365 1017 2393 Hebraica
1033 2366 1129 2399 agunt
1147 2364 1292 2390 nonnulla
1310 2364 1445 2398 exempla
1464 2364 1598 2399 gemina-

232 2409 323 2438 tionis
346 2410 482 2439 adiectivi
506 2416 538 2440 et
561 2412 692 2440 adverbii
717 2420 805 2440 sensu
831 2409 939 2440 elativo
963 2411 1130 2439 afferuntur
1154 2417 1232 2446 quae
1252 2418 1355 2437 revera
1374 2410 1435 2438 11118
1453 2418 1512 2438 non
1532 2418 1598 2446 per·

232 2462 339 2498 tinent,
370 2465 406 2490 ut
433 2453 519 2501 ⁸7⁸⁷?
549 2453 674 2501 ἿἎῚΞᾉ,
703 2464 754 2493 ubi
782 2453 866 2501 ¹7⁸⁷?
898 2464 999 2498 procul
1031 2463 1122 2497 dubio
1154 2463 1376 2491 substantivum
1402 2465 1465 2498 est;
1493 2463 1599 2491 deinde

232 2524 367 2558 exempla
391 2511 442 2545 ’Ἶῆ
473 2509 550 2560 ’Ἶῆξ
568 2523 620 2551 ubi
645 2531 693 2551 me
718 2523 816 2552 iudice
841 2524 877 2551 de
902 2522 1102 2559 geminatione
1125 2522 1264 2550 iterativa
1288 2522 1385 2558 magis
1410 2523 1597 2559 cogitandum

232 2585 279 2611 est
302 2590 394 2620 quam
419 2583 456 2611 de
481 2583 668 2620 superlativo,
693 2586 724 2612 et
748 2570 853 2612 Ε’Ἱὲἓὶῧ·
882 2569 988 2620 05⁷²ss
1013 2583 1092 2619 quod
1117 2583 1288 2619 exemplum
1316 2583 1479 2611 versionem
1506 2583 1598 2611 auda-

232 2646 297 2666 cem
323 2646 443 2674 pmum
469 2642 516 2666 est
541 2642 576 2666 ut
602 2647 654 2674 pro
679 2639 859 2675 superlativo
883 2628 1046 2666 haberetur
1069 2637 1117 2672 (=
1136 2638 1254 2666 tiet'ster
1275 2639 1393 2673 Friede3
1419 2634 1619 2666 Gesenius—'

233 2684 390 2720 Kautzsch,
410 2685 496 2714 Hebr.
517 2684 679 2713 Gramm.²⁸
697 2683 712 2720 S
730 2684 795 2720 133,
814 2684 905 2719 1151).

1461 2731 1477 2759 7
