1932 3121
244 403 323 437 481.

245 456 323 492 482.

246 512 324 546 483.

246 674 324 708 485.

246 728 324 764 486.

247 783 324 817 487.

247 836 324 872 488.

247 891 324 925 489.

247 944 324 979 490.

247 999 324 1034 491.

247 1054 325 1088 492.

248 1421 325 1454 366.
338 1424 341 1427 ’

248 1475 325 1509 367.

248 1590 325 1625 398.

248 1646 326 1680 399.

250 1823 347 1856 1378Δ

250 1875 347 1909 1379.

250 1929 347 1964 1380.

248 2107 325 2140 544.

248 2160 325 2194 545.

248 2215 324 2249 546.

249 2533 324 2567 730.

249 2587 310 2621 731
317 2612 326 2621 .

905 297 947 330 21

946 377 949 380 .
1317 364 1321 381 Ι
1374 364 1376 371 ’“

372 403 487 436 Meam
510 411 590 436 rere
611 402 761 436 amicam
783 401 918 445 posse?
945 401 1038 435 SEU.
1065 402 1180 444 Hanc,
1206 390 1366 443 inqua‘m,
1393 401 1491 434 filius

372 456 474 490 Meus
496 455 680 499 deperibat
701 455 894 490 fidicinam.
920 455 1010 489 Mn..
1037 455 1136 489 Haec
1158 465 1232 489 non
1255 457 1309 489 est
1332 465 1384 489 ea.

375 511 467 546 Sim.
494 510 617 550 Quid?
641 521 713 544 non
736 510 819 545 est?
844 511 933 544 Mn..
958 511 1037 544 Non
1061 512 1127 544 est.
1155 510 1247 544 SEN.
1274 511 1378 544 Unde
1399 511 1486 545 haec
1500 512 1611 555 igitur

860 574 863 578 ·
1386 566 1609 609 gentiumst?

315 633 342 653 .·
373 617 548 662 Equidem
572 603 899 663 hercle'argentum
922 629 988 662 pro
1011 620 1079 654 hac
1100 620 1193 653 dedi.
1226 619 1317 653 ΜΠ..
1347 620 1464 654 Stulte
1485 621 1609 654 datum

373 673 477 718 Reor,
502 676 685 717 peccatum
707 675 865 718 largiter.
894 674 987 708 SEN.
1014 674 1130 708 Immo
1153 674 1240 708 haec
1262 677 1350 708 east.

372 729 464 763 Nam
486 739 628 763 servom
652 729 743 772 misi,
769 729 832 772 qui
853 729 954 762 illum
977 729 1105 763 sectari
1128 729 1227 771 solet,

373 783 492 817 Meum
515 785 685 826 gnatum:
709 783 741 816 is
763 784 841 826 ipse
863 784 956 817 hanc
977 783 1170 817 destinavit
1191 784 1383 817 fidicinam.

373 838 464 872 Mn..
490 838 558 871 Em
580 838 660 872 istic
680 838 788 871 homo
809 839 844 871 te
866 838 1080 872 articulatim
1103 836 1266 880 concidit,
1294 848 1413 881 senex,

373 892 470 925 Tuos
493 902 628 926 servos.
658 892 748 925 SEX.
775 892 845 931 Qui
868 892 1046 926 concidit?
1071 893 1160 925 Mn..
1189 892 1248 926 Sic
1271 887 1484 935 suspiciost:

373 946 464 979 Nam
486 955 553 989 pro
575 946 829 980 fidicina-haec
851 956 955 980 cerva
979 946 1199 989 subpositast
1220 947 1295 980 tibi.

376 1000 504 1043 Senex,
529 1001 594 1034 tibi
615 1010 657 1034 os
679 1003 734 1034 est
756 1001 926 1034 sublitum
951 1001 1055 1043 plane
1077 1003 1112 1034 et
1134 1002 1255 1043 probe.

374 1055 452 1098 Ego
474 1055 570 1088 illam
594 1055 772 1098 requiram
795 1055 865 1089 iam
888 1053 1071 1090 ubiubist.
1099 1056 1263 1099 Bellator,
1291 1056 1379 1090 vale.

614 1160 714 1193 Miles
737 1160 914 1203 gloriosus
936 1159 1001 1193 399
1027 1159 1111 1203 (ubi
1132 1159 1237 1202 ubi):

412 1224 519 1253 Mulier
550 1225 690 1254 meretrix
720 1233 790 1253 cum
812 1233 900 1253 vservo
927 1225 1069 1261 loquitur,

375 1280 393 1299 a
418 1281 478 1307 quo
496 1272 671 1306 custoditur,
690 1280 841 1307 quemque
859 1272 967 1299 refellit
983 1272 1071 1299 sedes

373 1318 442 1346 suas
455 1318 593 1346 deserens
606 1318 697 1354 inque
710 1325 760 1345 eas
771 1317 895 1345 rediens.
908 1316 969 1345 Sub
978 1318 1072 1345 altero

375 1368 476 1393 tamen
497 1368 575 1393 tecto
593 1365 700 1393 domus
718 1365 831 1393 vicinae
849 1365 911 1392 visa
928 1368 982 1392 est.

375 1421 477 1454 MER.
504 1421 584 1453 Tun
597 1429 653 1453 me
665 1420 797 1453 vidisse
807 1420 845 1452 in
857 1420 1018 1470 proximo
1030 1419 1098 1462 hic,
1115 1420 1271 1462 sceleste,
1287 1420 1340 1453 ais
1350 1420 1605 1455 oscultantem?

376 1499 972 1509 ...........
1024 1473 1144 1508 SERV.
1172 1475 1250 1508 Dixi
1273 1475 1390 1510 hercle
1413 1484 1508 1508 vero.

374 1540 444 1568 Post
464 1540 597 1567 mulieris
616 1539 777 1567 meretricis
794 1539 922 1567 reditum
940 1539 971 1566 in
990 1539 1077 1566 aedes
1095 1547 1177 1566 suas:

375 1616 384 1624 .
435 1616 443 1624 .
494 1616 502 1624 .
553 1616 562 1624 .
614 1590 734 1624 SERV.
766 1591 869 1624 Nunc
891 1590 1032 1632 quidem
1057 1590 1152 1623 domi
1175 1592 1324 1624 certost:
1353 1593 1448 1624 certa
1472 1600 1530 1624 res
1552 1595 1607 1625 est

374 1646 478 1680 Nunc
501 1647 664 1679 n6strum
688 1646 879 1679 observare
901 1644 1042 1687 ostium,
1068 1643 1241 1682 ubiubi-*st
1251 1643 1280 1687 1)
1329 1670 1574 1678 .....

599 1748 698 1780 Miles
722 1747 904 1781 Gloriosus
930 1747 1015 1781 1379
1040 1745 1124 1790 (ubi
1145 1745 1250 1790 ubi):

376 1856 378 1859 ,
397 1823 518 1856 PUER.
545 1822 597 1855 Ne
619 1831 676 1854 me
698 1821 886 1854 moneatis:
911 1821 1053 1853 memini
1076 1830 1142 1862 ego
1164 1821 1323 1853 officium
1347 1830 1477 1853 meum.

397 1875 474 1917 Ego
496 1873 605 1918 †nam
628 1874 834 1919 conveniam
859 1874 970 1907 illum.
1003 1872 1180 1907 Ubiubist
1201 1873 1372 1917 gentium,

396 1929 646 1972 Investigabo:
670 1937 798 1971 operae
820 1938 891 1961 non
915 1938 1022 1970 parco
1045 1937 1154 1961 meae.

691 2031 903 2065 Mostellaria
926 2031 991 2065 545
1016 2030 1134 2074 (utut)
1144 2041 1153 2064 :

377 2106 546 2139 Srmwns.
571 2106 628 2138 Nil
650 2107 704 2138 est
726 2105 891 2137 miserius
914 2114 1021 2145 quam
1045 2104 1188 2137 animus
1211 2104 1366 2137 hominis
1390 2106 1568 2147 conscius,

376 2159 475 2193 Sicut
498 2169 554 2192 me
576 2159 667 2193 male
690 2159 805 2192 habet.
833 2159 963 2192 Verum
986 2158 1075 2192 utut
1097 2168 1155 2192 res
1179 2167 1259 2193 sese
1280 2159 1398 2202 habet,

374 2215 525 2257 Pergam
548 2215 695 2247 turbare
717 2223 839 2256 porro:
863 2214 912 2246 ita
935 2214 1022 2247 haec
1044 2222 1102 2246 res
1125 2214 1292 2255 postulat.

548 2318 727 2366 Poenulus
752 2317 816 2351 738
840 2316 1047 2360 (quantum
1072 2317 1302 2360 quantiano:

411 2383 591 2411 Adulescens
615 2391 683 2411 cum
708 2382 834 2410 testibus
856 2382 996 2417 loquitur,
1015 2382 1068 2417 qui
1108 2402 1110 2404 »

375 2431 513 2459 viderunt
531 2438 650 2458 servum
664 2430 728 2458 eius
740 2429 839 2457 lenoni
850 2429 966 2457 cuidam
979 2437 1068 2456 num-

374 2486 439 2506 mos
457 2477 571 2506 dedisse
589 2480 745 2506 trecentos.

373 2535 492 2567 ADUL.
521 2533 560 2567 Si
583 2534 706 2566 exierit
728 2534 818 2574 leno,
845 2542 973 2565 censen
997 2533 1174 2565 hominem
1199 2533 1427 2576 interrogem,

374 2587 475 2628 Meus
498 2597 622 2621 servos
646 2587 691 2621 ad
713 2597 794 2621 eum
819 2585 1026 2620 veneritne?
1051 2587 1205 2621 TESTIS.
1232 2587 1431 2631 Quippini?

284 2690 310 2724 1)
348 2695 473 2720 accentu
492 2694 617 2719 mutato.
