1932 3121
245 406 327 441 621.

247 514 326 549 622.

247 567 328 603 628.

248 623 326 657 624.

910 300 953 334 33

375 407 464 439 Mn..
497 405 626 446 Etiam,
652 404 770 437 seelus
793 404 872 446 viri,
900 403 1075 445 minitare,
1102 412 1209 445 quem
1232 412 1299 445 ego
1322 401 1404 436 iam
1425 401 1509 449 ¹iam
1532 400 1621 435 iam.

1365 456 1613 499 oonoipulabo:

375 513 470 552 Quid
493 512 565 546 tibi-
580 513 652 546 huo
674 511 856 546 ventiost?
881 512 975 551 Quid
997 512 1062 545 tibi
1085 512 1178 545 hanc
1201 511 1372 545 aditiost?

375 567 471 607 Quid
493 566 557 602 tibi
580 566 673 601 hanc
696 567 838 610 notiost,
864 567 1024 610 inquam,
1051 566 1201 601 amicam
1224 565 1368 600 meam?

377 622 559 655 Emoriere
581 621 692 662 ocius,
712 622 788 655 -nisi
812 631 922 656 manu
946 622 1085 655 viceris.

249 758 534 793 Misericordiae
546 770 554 792 :

196 1155 202 1160 .
252 1128 330 1163 799.

250 1236 331 1270 801.

251 1345 333 1379 807.

252 1399 331 1433 808.

255 1508 333 1543 814.

252 1562 334 1597 815.

253 1671 335 1706 821.

260 1983 351 2024 197.'
376 1981 380 1984 “

261 2045 336 2080 198.

260 2100 336 2134 199.

255 2154 337 2188 200.

258 2521 339 2556 681.

261 2575 340 2610 682.

259 2685 340 2718 684.

622 848 903 882 ΒαοοῑιίᾱοεὍΜ
929 846 1070 890 (Stulte
1091 847 1240 890 stulte):

417 922 527 950 Servus
550 930 619 950 cum
645 930 724 954 sene.
749 923 802 958 qui
825 922 918 951 sentit
935 930 967 950 se
985 922 1025 950 ab
1041 930 1076 950 eo

379 977 443 997 esse
470 969 712 1003 circumductum,
740 969 791 997 sed
819 969 952 997 nondum
977 969 1077 997 omnia

381 1016 527 1052 perspicit,
539 1016 737 1044 misericordia.
748 1019 912 1044 commotus
923 1019 1076 1052 contemp-

379 1064 435 1091 tim
453 1063 594 1099 ioquitur.

383 1128 474 1162 SEU.
500 1127 648 1181 (torar-io).
675 1128 889 1172 Constringe
910 1131 951 1162 tu
973 1129 1053 1170 illie,
1081 1130 1237 1172 Artamo,
1264 1132 1423 1163 actutum
1447 1139 1589 1163 manus.

383 1182 502 1216 Smw.
531 1182 625 1220 Quid
649 1182 743 1215 feei?
769 1182 862 1216 Smt.
888 1183 1040 1225 Inpinge
1062 1193 1237 1233 pugnum,
1264 1184 1295 1216 si
1319 1184 1526 1216 muttiverit.

381 1236 475 1276 Quid
498 1237 566 1269 hae
587 1236 754 1270 locuntur
776 1235 938 1270 litterae?
966 1236 1083 1269 szv.
1111 1236 1205 1275 Quid
1228 1246 1285 1270 me
1308 1236 1443 1280 rogas?

382 1316 471 1384 Quis
494 1315 636 1378 houiost
658 1345 720 1387 qui
742 1345 836 1378 dieat
859 1315 915 1378 ine
936 1344 1070 1377 dixisse
1092 1315 1196 1378 istuc.
1224 1316 1315 1378 Stin.
1335 1316 1460 1379 'Ta-ee..

382 1400 510 1446 Nullus
534 1400 639 1433 homo
661 1399 761 1432 dicit:
785 1399 852 1432 hae
875 1399 1023 1432 tabellae
1044 1400 1079 1432 te
1101 1401 1256 1442 arguunt
1258 1425 1562 1441 ......

386 1479 504 1542 §mim
521 1479 561 1542 ,Ο
584 1479 711 1549 stulte,
736 1507 861 1550 stulte,
888 1508 1003 1541 nescis
1022 1478 1124 1541 nune
1146 1479 1268 1541 venire
1290 1510 1340 1542 te:

383 1563 497 1605 Atque
519 1563 557 1596 in
580 1572 686 1605 eopse
708 1563 830 1596 adstas
853 1562 979 1604 lapide,
1005 1565 1046 1595 ut
1069 1572 1196 1605 praeeo
1219 1564 1408 1605 praedicat.

394 1641 1406 1652 οοοοοοοοοοοοοοοοοο

382 1673 454 1705 Neo
477 1671 604 1705 sentit:
629 1656 752 1704 tantist
775 1672 934 1713 quantist
957 1671 1093 1714 fungus
1117 1672 1274 1719 putidus.

655 1804 793 1846 Captivi
815 1804 881 1837 200
906 1802 994 1846 (ΟΙι,
1026 1803 1095 1846 ΟΙι,
1127 1803 1221 1847 ΟΙι);.

424 1879 487 1906 1)υο
521 1879 627 1913 captivi
656 1878 853 1906 misericordia
880 1878 926 1905 sui
954 1879 1079 1906 invicem

386 1926 534 1953 commoti.

385 1992 598 2024 LORARIUS.
626 1991 727 2024 Domi
750 1990 868 2023 fuistis
891 1990 996 2023 eredo
1018 1990 1139 2023 liberi:

386 2047 489 2080 Nunc
513 2046 668 2080 servitus
691 2046 722 2079 si
745 2045 872 2087 evenit,
898 2045 929 2078 ei
953 2054 1018 2078 vos
1040 2045 1249 2088 morigerari
1273 2056 1350 2079 mos
1374 2046 1507 2081 bonust

385 2099 572 2143 †Eamque
593 2105 628 2134 et
650 2100 727 2133 erili
749 2100 896 2142 imperio
918 2099 1070 2141 ingeniis
1094 2099 1226 2132 vostris
1249 2100 1363 2133 lenem
1389 2101 1548 2136 reddere.

386 2156 540 2198 Indigna
553 2156 662 2199 dig-na
674 2155 837 2188 habenda
850 2156 935 2187 sunt
946 2163 1030 2188 erus
1043 2164 1135 2196 quae
1146 2155 1240 2189 facit.
1261 2155 1375 2189 ΟΑΡΤ.
1397 2155 1466 2199 ΟΙι,
1483 2156 1543 2200 ok,
1559 2157 1619 2192 oh.

517 2289 691 2324 Mercator
714 2288 778 2321 683
805 2286 1010 2330 (Dorippa,
1038 2297 1124 2321 mea
1148 2287 1366 2331 Dorippa):

399 2383 402 2386 ⁴
425 2363 508 2390 Anus
533 2363 640 2391 ancilla
665 2370 700 2390 ex
719 2362 858 2390 interiore
878 2364 959 2397 parte
979 2362 1084 2389 domus

387 2418 456 2438 cum
475 2418 526 2437 era
544 2411 677 2446 loquitur
696 2408 894 2436 misericordia
905 2411 936 2435 et
948 2408 1084 2443 indigna-

389 2457 470 2483 tione
488 2459 644 2484 commota.

389 2524 481 2557 Ano.
509 2524 676 2566 Disperii:
701 2523 788 2565 perii
811 2523 956 2556 misera:
982 2532 1048 2555 vae
1071 2523 1222 2556 miserae
1245 2524 1345 2557 mihi.

389 2578 483 2611 ΕΒΑ.
513 2577 613 2612 Satin
637 2579 676 2611 tu
700 2587 788 2611 sana
814 2576 856 2619 's,
882 2576 1060 2610 obsecro?
1084 2576 1179 2616 Quid
1202 2577 1342 2612 eiulas?

389 2632 480 2666 Ano.
509 2631 699 2677 Dorippa,
726 2641 812 2667 mea
832 2630 1022 2676 Dorippa.
1049 2633 1144 2666 Em.
1164 2632 1258 2672 Quid
1275 2633 1432 2677 †elamas
1449 2634 1625 2668 obsecro?

389 2688 480 2719 Ano.
508 2688 761 2728 Nescioquaest
784 2687 910 2719 mulier
932 2687 1030 2719 intus
1053 2687 1111 2719 hie
1134 2687 1171 2719 in
1195 2688 1356 2720 aedibus.

1489 2743 1507 2772 3
