1932 3121
215 390 292 423 411.

215 443 294 478 412.

207 911 289 945 640.

213 966 255 999 64
260 966 276 999 1
282 991 291 999 .

212 1075 289 1108 642.

215 1236 290 1270 655.

209 1635 284 1669 661.

208 1690 285 1724 662.

208 1744 283 1777 663.

207 1797 284 1831 664.

206 1851 282 1885 665.

205 2251 279 2285 706.

204 2305 280 2339 707.

204 2358 278 2393 708.

203 2413 278 2446 709.

203 2522 277 2555 712.

876 285 919 319 37

341 388 466 431 Attat,
491 389 580 431 peri}
603 389 719 422 hercle
740 399 807 432 ego
829 390 953 423 miser:
977 390 1090 432 aperit
1113 388 1331 422 Bacchanal:
1355 387 1477 420 adest:

344 442 526 485 Sequitur.
555 442 636 477 Scio
659 452 733 477 rem
755 453 898 487 geram:
923 444 990 478 hoc
1012 444 1115 487 ipsus
1138 442 1308 487 magister
1333 451 1389 475 me
1410 440 1542 475 docuit.

511 508 644 543 (Coquus
662 509 790 544 effugit).

583 628 775 680 *Aulularia
798 647 863 680 655
889 646 1018 690 (mane
1040 646 1191 689 mane):

377 730 472 759 Senex
508 739 614 758 avarus
649 739 732 759 servo
765 732 882 759 cuidam
917 731 970 767 qui
1002 739 1039 759 ne
1103 767 1106 770 ἱ

341 778 446 805 viderit
459 786 490 806 se
504 786 611 805 aurum
625 778 808 806 abscondisse
822 779 923 813 timet;
940 781 1040 813 postea

339 824 421 860 (655)
439 826 568 853 alterum
587 825 684 853 furem
707 825 808 853 adesse
827 825 901 853 falso
919 828 1013 860 putat.

741 911 885 963 SENEx.
912 912 1069 945 Ostende
1090 912 1161 945 huc
1184 920 1326 944 manus.

342 965 463 999 SERV.
496 966 564 998 Em
600 966 673 1008 tibi,
707 966 861 999 ostendi:
892 976 1004 999 eccas.
1044 965 1137 999 SEX.
1170 966 1289 999 Video.
1323 966 1398 1008 Age
1427 965 1576 998 ostende

1288 1021 1394 1054 etiam
1418 1021 1571 1055 tertiam.

340 1074 460 1108 SERV.
495 1075 631 1107 Larvae
661 1075 757 1107 hunc
786 1076 893 1116 atque
921 1075 1150 1117 intemperiae
1176 1075 1409 1116 insaniaeque
1435 1075 1574 1117 agitant

1436 1139 1568 1163 senem.

343 1236 434 1270 SEN.
469 1235 587 1271 Mane
616 1246 729 1271 mane
739 1237 787 1279 1):
822 1237 904 1280 quis
934 1238 1003 1271 illic
1033 1209 1114 1271 est?
1153 1237 1243 1276 Quis
1274 1238 1330 1271 hic
1358 1238 1456 1271 intus
1484 1238 1573 1270 alter

1196 1294 1272 1324 erat
1295 1293 1410 1325 tecum
1434 1291 1569 1324 simul?

661 1429 842 1462 Aulularia
866 1429 930 1462 665
956 1428 1088 1472 (attat)
1102 1439 1110 1462 :

373 1513 481 1541 Servus
499 1514 620 1549 quidam
634 1522 734 1541 secum
748 1514 880 1549 loquitur
891 1514 1033 1541 insidians

337 1560 400 1588 seni
420 1568 515 1588 avaro.

337 1635 428 1669 SEN.
456 1636 665 1669 Emortuom
688 1646 753 1679 ego
776 1646 832 1669 me
854 1637 1017 1669 mavelim
1040 1637 1110 1669 leto
1133 1637 1227 1669 malo

334 1690 449 1728 Quam
473 1700 545 1723 non
569 1700 635 1733 ego
657 1691 707 1723 illi
730 1691 810 1724 dem
833 1691 937 1724 hodie
958 1691 1107 1723 insidias
1130 1691 1219 1723 seni.

332 1745 423 1777 Nam
446 1744 504 1778 hic
526 1745 597 1777 iam
620 1754 691 1777 non
716 1744 859 1777 audebit
880 1754 1009 1777 aurum
1034 1744 1263 1777 abstrudere:

334 1798 448 1832 Credo
470 1798 599 1831 ecferet
620 1798 691 1831 iam
715 1808 834 1832 secum
858 1800 892 1831 et
914 1798 1066 1832 mutabit
1088 1798 1216 1832 locum.

332 1851 456 1893 Attat,
483 1852 571 1885 foris
594 1852 746 1893 crepuit:
770 1861 879 1885 senex
901 1861 1022 1885 eccum
1046 1861 1176 1885 aurum
1199 1852 1307 1885 ecfert
1330 1852 1440 1885 foras.

656 1994 837 2027 Aulularia
863 1994 925 2026 712
951 1992 1084 2036 (attat)
1098 2004 1106 2027 :

368 2082 476 2111 Servus
494 2083 615 2119 quidam
635 2091 734 2111 secum
754 2083 887 2118 loquitur
904 2091 1027 2110 narrans

331 2138 362 2157 se
390 2132 421 2158 in
450 2131 553 2159 arbore
578 2132 730 2159 sedentem
756 2131 819 2158 seni
844 2138 931 2158 avaro
955 2131 1027 2157 insi-

330 2177 444 2204 diatum
464 2185 536 2204 esse.

331 2252 439 2286 SERV
443 2277 819 2286 ...........
847 2262 903 2285 me
924 2253 1106 2285 conlocavi
1129 2253 1167 2285 in
1190 2253 1370 2286 arborem:

329 2305 490 2348 Indeque
512 2307 740 2350 expectabam
763 2316 893 2340 aurum
916 2306 978 2339 ubi
1000 2306 1234 2340 abstrudebat
1257 2316 1379 2340 senex.

328 2360 397 2394 Ubi
418 2360 476 2394 ille
498 2361 594 2404 abiit,
621 2371 688 2404 ego
711 2371 767 2395 me
788 2361 956 2394 deorsum
979 2361 1072 2394 duco
1094 2361 1139 2394 de
1161 2361 1307 2395 arbore:

328 2414 475 2448 Ectodio
498 2416 616 2449 aulam
639 2417 718 2449 auri
742 2416 899 2457 plenam:
922 2415 1006 2447 inde
1028 2424 1115 2448 exeo
1129 2416 1227 2449 ilico.

327 2522 457 2557 Attat:
481 2534 602 2558 eccum
626 2525 757 2567 ipsum.
783 2524 859 2565 Ibo,
886 2526 926 2556 ut
948 2524 1015 2557 hoc
1038 2525 1190 2558 condam
1214 2526 1371 2558 domum.

238 2668 263 2703 ι)
300 2675 423 2699 accentu
443 2674 559 2700 mutato
578 2675 609 2699 et
627 2672 803 2707 quantitate.
